2400 3900
191 19 274 84 ιε
335 29 344 36 ·
791 65 803 70 -
879 24 940 84 c,
987 23 1377 110 SAansTn
1422 23 1665 86 cmspl
1790 78 1795 83 .
2169 17 2182 39 ⁵

190 161 396 208 casum
415 139 490 204 ab
509 149 642 205 omi
665 140 806 202 solis
827 142 1020 214 omnia
1036 143 1257 204 domita
1272 143 1451 202 armis
1468 149 1757 222 parerent,
1781 141 1944 205 domi
1957 143 2151 204 otium
2184 141 2369 224 atqui

193 230 418 292 divitiae
453 246 599 307 quae
637 228 820 306 prima
857 230 1130 289 mortales
1157 236 1365 308 putant
1399 229 1721 301 affluerent,
1756 231 1919 288 fuere
1950 235 2160 290 tamen
2208 225 2369 302 cives

191 315 288 395 qui
309 333 492 394 seque
511 332 766 392 remque
761 315 1065 392 publicam
1087 313 1393 376 obstinatis
1414 314 1619 375 animis
1636 315 1926 393 perditum
1943 314 2121 376 irent.
2177 315 2369 377 Nam-

185 419 308 480 que
344 399 576 462 dnobus
599 400 797 459 Senati
836 401 1095 462 decretis
1129 419 1199 461 ex
1246 409 1423 461 tanta
1444 399 1814 462 multitudine
1848 417 2041 479 neque
2074 404 2368 482 praemio

191 486 467 548 inductus
481 476 941 546 coniurationem
965 488 1318 564 patefecerat
1343 499 1533 565 neque
1554 505 1625 546 ex
1654 486 1859 546 castris
1886 487 2173 548 Catili-nae
2198 489 2368 567 quis

193 589 368 649 quam
401 571 658 632 οιιιιιιιιιιι
695 571 1078 646 discesserat3
1132 579 1291 633 tanta
1331 573 1419 632 vis
1458 571 1651 636 morbi
1692 573 1775 634 uti
1816 572 1984 633 tabes
2022 573 2368 654 plerosque

195 657 404 718 civium
429 657 656 718 animos
681 657 990 721 invaserat.

313 743 481 838 pap.
508 743 786 804 xxxvss.
830 743 1033 820 Neque
1065 743 1252 803 solum
1274 743 1399 803 illis
1425 743 1613 804 aliena
1636 760 1808 802 mens
1825 750 1967 816 erat,
1990 743 2089 822 qui
2121 747 2357 806 conscii

195 828 612 900 coniurationis
649 830 896 899 fuerant,
933 827 1042 887 sed
1077 828 1317 888 omnino
1352 839 1559 889 cuncta
1591 829 1797 908 plebes
1831 847 2122 892 novarum
2150 847 2357 892 rerum

114 905 136 926 ‘
193 914 388 975 studio
431 914 709 974 Catilinae
755 913 988 991 incepta
1030 914 1335 991 probabat.
1395 914 1462 975 ld
1501 916 1655 974 adeo
1694 931 1861 974 more
1901 933 2009 975 suo
2031 915 2357 978 videbatur

193 1001 406 1062 faeere.
450 1000 596 1060 Nam
615 1017 852 1078 semper
877 994 940 1059 in
964 999 1195 1060 civitate
1216 1000 1430 1078 quibus
1447 1017 1595 1078 opes
1622 1001 1817 1062 nullae
1840 1007 1979 1062 sunt
1994 1000 2233 1061 bonis
2213 1005 2355 1063 mvi-

199 1087 356 1160 (1ειιι,
393 1087 576 1151 malos
614 1085 908 1158 extollunt,
946 1085 1158 1148 vetera
1179 1087 1377 1159 odere,
1410 1102 1559 1144 nova
1593 1092 1885 1168 exoptant,
1927 1085 2065 1148 odio
2101 1105 2368 1166 suarum¹

195 1190 394 1233 rerum
417 1167 628 1232 mutari
666 1171 860 1231 omnia
891 1173 1146 1244 student,
1183 1172 1354 1233 turba
1378 1181 1568 1268 atque·
1598 1171 1982 1233 seditionibus
2023 1171 2161 1232 sine
2213 1195 2368 1236 cura

193 1257 441 1329 aluntur,
472 1256 741 1337 quoniam
777 1265 1006 1338 egestas
1035 1257 1212 1319 facile
1238 1258 1489 1318 habetur
1522 1257 1649 1318 sino
1671 1257 1909 1319 damno.
1957 1259 2079 1318 Sed
2110 1261 2347 1322 urbana

191 1343 394 1440 plebes
431 1361 500 1403 ea
524 1359 660 1402 vero
684 1361 997 1422 praeceps
990 1349 1130 1404 erat
1157 1337 1354 1404 multis
1398 1344 1471 1403 (1ε
1496 1343 1740 1404 caussis.
1784 1345 2061 1405 Primum
2078 1347 2349 1408 omnium

193 1429 293 1507 qui
327 1427 540 1506 ubique
567 1429 789 1506 probro
827 1436 1000 1506 atque
1024 1429 1341 1526 petulantia
1362 1444 1628 1489 maxume
1658 1431 2048 1508 praestabant,
2082 1428 2243 1491 item
2271 1433 2369 1498 alii

191 1532 302 1592 per
321 1515 614 1574 dedecora
649 1513 1014 1592 patrimoniis
1037 1514 1286 1587 amissis,
1324 1522 1625 1592 postremo
1648 1533 1857 1575 omnes
1885 1533 2034 1594 quos
2059 1512 2349 1594 flagitium

194 1606 290 1661 tut
309 1599 532 1660 facinus
558 1602 735 1662 domo
764 1597 1078 1679 expulerat,
1105 1601 1144 1661 ii
1168 1600 1413 1661 Rom-am
1442 1601 1613 1661 sicuti
1638 1601 1698 1661 in
1716 1601 2008 1662 sentinam
2041 1604 2349 1665 confluxe-

191 1691 340 1746 rant.
382 1685 609 1749 Deinde·
638 1685 804 1746 multi
830 1703 1120 1747 memores
1149 1687 1422 1748 Sullanae
1446 1686 1737 1760 victoriae,
1772 1688 1929 1766 quo'd
1960 1705 2028 1747 ex
2062 1691 2345 1766 gregariis

189 1770 468 1832 militibus
492 1771 643 1832 alios
677 1773 990 1832 Senatores
1027 1773 1319 1845 videbant,
1364 1771 1506 1832 alios
1550 1773 1627 1835 ita
1660 1772 1863 1833 divites
1898 1781 1963 1834 ut
1994 1772 2159 1850 regio
2199 1769 2368 1837 victu'

192 1866 366 1936 atque
407 1859 576 1918 cultu·
613 1864 860 1918 aetatem
909 1865 1186 1935 agerent,
1212 1859 1323 1918 sibi
1369 1859 1615 1937 quisque
1652 1859 1702 1918 si
1734 1858 1793 1918 in
1831 1858 2007 1919 armis
2039 1859 2243 1920 forent
2284 1881 2341 1922 ex

189 1941 432 2005 victoria
451 1942 587 2003 talia
605 1943 942 2041 sperabant.
977 1944 1285 2005 Praeterea
1308 1944 1598 2017 iuventus,
1624 1961 1775 2024 quae
1801 1945 1859 2005 in
1885 1945 2037 2024 agris
2058 1962 2339 2009 manuum

188 2029 464 2089 mercede
500 2028 755 2107 inopiam
783 2029 1146 2103 toleraverat,
1183 2030 1421 2109 privatis
1454 2024 1627 2109 atque
1654 2032 1901 2109 publicis
1936 2030 2339 2109 largitionibus

191 2115 377 2175 excita
405 2114 701 2177 urbanum
727 2116 911 2175 otium
949 2115 1178 2196 ingrato
1212 2116 1400 2175 labori
1436 2114 1819 2194 praetulerat3
1861 2136 1966 2177 eos
1991 2129 2173 2195 atque
2196 2120 2337 2180 alios

191 2200 384 2263 omnis
401 2202 619 2263 malum
643 2198 938 2281 publicum
957 2202 1168 2262 alebat.
1216 2202 1347 2275 Quo
1366 2203 1560 2263 minus
1586 2204 1918 2263 mirandum
1936 2212 2043 2274 est,
2067 2204 2339 2267 homines

191 2296 448 2366 egentes,
472 2288 638 2349 malis
669 2288 949 2361 moribuS,
976 2303 1251 2349 maxuma
1268 2306 1399 2367 spe,
1416 2289 1767 2367 reipublicae
1788 2289 1947 2350 iuxta
1970 2306 2039 2348 ac
2061 2288 2171 2349 sibi
2194 2308 2339 2351 con-

191 2374 460 2435 suluisse.
484 2376 792 2435 Praeterea
806 2391 1058 2454 quorum
1081 2374 1313 2435 victoria
1328 2375 1523 2435 Sullae
1538 2382 1813 2454 parentes
1832 2374 2163 2455 proscripti,
2178 2377 2336 2438 bona

189 2464 408 2536 erepta,
445 2459 536 2519 ins
571 2460 852 2521 libertatis
885 2461 1249 2526 imminutum
1276 2470 1417 2534 erat,
1454 2462 1611 2522 haud
1640 2476 1787 2522 sane
1823 2462 1934 2521 alio
1978 2460 2169 2521 animo
2196 2462 2337 2524 belli

189 2552 460 2603 eventum
499 2546 932 2622 exspectabant.
977 2546 1066 2607 Ad
1093 2548 1209 2607 hoc
1236 2544 1587 2626 qnimmque
1610 2548 1868 2607 aliarum-
1880 2554 2058 2627 atque
2077 2547 2333 2609 Senatus

91 2688 98 2698 ,
188 2628 440 2707 partium
483 2638 665 2701 erant,
705 2630 1037 2690 conturbari
1082 2632 1501 2710 rempublicam
1537 2651 1707 2715 qnam
1746 2632 1941 2693 minus
1988 2632 2181 2691 valere
2214 2635 2339 2713 ipsi

188 2708 499 2776 malebant.
568 2715 635 2776 ld
683 2715 838 2775 adeo
875 2716 1093 2775 mala-m
1135 2718 1353 2777 multos
1390 2727 1528 2795 post
1572 2736 1759 2779 annos
1802 2719 1865 2779 in
1916 2716 2195 2778 civitatem
2235 2738 2337 2780 re-

189 2807 460 2862 verterat.

313 2887 472 2965 Gap.
511 2884 818 2950 XXXVIII.
884 2887 1027 2947 Nam
1077 2897 1389 2970 postquam
1426 2890 1533 2951 Cn.
1578 2889 1861 2969 Pompeio
1898 2896 1959 2949 et
1997 2888 2073 2950 M.
2114 2888 2369 2950 Crasso

190 2970 540 3034 Consulibus
569 2972 875 3037 nibunieia
900 2970 1164 3052 potestas
1195 2972 1458 3035 restituta
1477 2982 1587 3049 est,
1623 2976 1893 3036 homines
1918 2975 2331 3038 adulescentes

185 3072 472 3117 summam
515 3064 864 3137 potestatem
905 3059 1074 3133 nacti,
1125 3058 1338 3139 quibus
1390 3068 1547 3121 aetas
1596 3062 1949 3139 animusque
1983 3062 2143 3121 ferox
2180 3070 2328 3135 erat,

185 3156 434 3221 coepere
461 3144 736 3205 Senatum
771 3145 1130 3206 criminando
1167 3145 1398 3223 piebem
1430 3146 1737 3224 exagitare,
1776 3147 1989 3209 deinde
2023 3144 2331 3223 largiundo
2364 3180 2369 3191 ‹

187 3234 360 3305 atque
383 3228 760 3307 pollicitando
781 3231 968 3309 magis
993 3231 1333 3304 incendere,
1362 3232 1441 3291 im
1464 3232 1576 3311 ipsi
1598 3232 1739 3295 olari
1763 3241 2153 3313 potentesque
2172 3231 2327 3293 fieri.

187 3313 398 3375 Contra
417 3332 520 3375 eos
537 3332 767 3377 summa
785 3335 900 3397 ope
922 3315 1216 3379 nitebatur
1233 3318 1531 3417 pleraque
1538 3317 1827 3392 nobilitas,
1854 3318 2103 3378 Senatus
2126 3319 2329 3395 specie

185 3416 296 3477 pro
331 3416 434 3461 sna
473 3402 883 3499 magnitudine.
929 3402 1212 3483 Namque,
1248 3404 1341 3465 ιιιι
1364 3404 1565 3483 paucis
1601 3421 1801 3468 verum
1837 3402 2145 3475 absolvam,
2182 3411 2327 3481 post
2366 3464 2369 3479 ,

187 3486 291 3545 ilia
321 3481 584 3566 tempora
623 3488 974 3568 quicumque
1011 3490 1433 3569 rempublicam
1478 3489 1785 3567 agitavere,
1827 3488 2097 3549 honestis
2132 3489 2325 3551 nomi·
2367 3506 2368 3575 χ
