2400 3900
620 78 832 141 aaut.
873 77 1237 140 menum.
1286 31 1537 138 ass-
1552 76 1652 139 89.
2130 77 2217 138 ιιι

51 195 322 265 divorsi
303 211 384 258 m
377 195 555 264 lucas
581 195 846 260 difficiles
871 196 1110 260 abeunt.
1153 195 1240 258 lta
1268 196 1581 274 Iugurthae
1604 195 1935 276 placuerat,
1942 199 2222 286 speranti,

49 302 194 344 mox
211 284 435 344 effusos
449 283 640 346 hostis
671 281 868 344 invadi
887 301 1084 365 posse,
1109 283 1431 356 Romanos,
1448 284 1620 346 sicuti
1635 283 1971 362 plerosque
1994 291 2221 344 remoto

49 377 240 442 metu,
263 369 452 433 laxius
482 368 872 448 licentiusque
889 371 1146 433 futuros.

189 455 273 516 Ca
289 473 348 534 p.
389 455 745 516 Lxxxvffl.
809 456 1077 517 Metellus
1117 455 1344 515 interea
1382 453 1627 514 Romam
1668 456 1970 532 profectus
2020 457 2225 520 con‘tra

47 559 228 620 spem
271 559 467 604 suam
537 542 892 604 laetissumis
949 539 1163 602 animis
1232 540 1541 620 excipitur,
1612 535 1772 618 plebi
1826 541 2225 624 patribusque,
2294 567 2301 581 ·

47 637 368 707 postquam
420 627 636 694 invidia
682 629 1046 698 decesserat,
1093 626 1251 687 iuxta
1296 642 1488 696 carus.
1554 625 1672 686 Sed
1721 625 1954 688 Marius
1978 628 2225 709 impigre

47 714 496 792 prudenterque
520 731 767 775 suorum
793 719 866 774 et
879 713 1139 774 hostium
1155 729 1255 774 res
1274 713 1493 792 pariter
1516 711 1839 784 attendere,
1866 729 2225 790 cognoscere

47 799 203 878 quid
227 799 374 862 1)οιιι
390 799 656 895 utrisque
679 807 783 860 aut
811 807 1018 870 contra
1031 802 1217 873 esset,
1249 801 1561 879 explorare
1591 798 1798 860 itinera
1818 815 2045 876 regum,
2078 819 2224 863 con·
2264 833 2275 841 ·
2390 817 2396 832 ⁴

47 885 186 948 silia
211 891 282 946 et
307 881 552 954 insidias
571 901 790 946 eorum
825 885 1164 948 antevenire
1204 885 1378 947 nihil.
1410 885 1569 966 apud
1595 902 1665 944 se
1684 883 2003 944 remissum
2034 905 2229 986 neque

45 971 216 1051 apud
255 969 390 1030 illus
423 977 615 1032 tutum
639 971 780 1050 pati.
820 971 1028 1052 ltaque
1059 981 1120 1041 et
1151 971 1431 1051 Gaetulos
1461 979 1523 1032 et
1550 970 1894 1048 Iugurtham
1938 987 2009 1030 ex
2053 973 2229 1032 sociis

41 1055 274 1120 nostris
291 1057 540 1135 praedas
557 1065 806 1136 agentes
815 1076 997 1139 saepe
1016 1074 1333 1138 aggressus
1350 1059 1411 1120 in
1429 1057 1647 1134 itinere
1652 1056 1934 1130 suderats
1918 1075 2232 1137 ipsumque

43 1159 267 1220 regem
283 1143 444 1203 haud
469 1145 680 1223 procul
697 1143 772 1205 ab
797 1145 1020 1225 oppido
1041 1145 1194 1206 Cirta
1220 1145 1397 1210 armis
1424 1149 1679 1206 exuerat.
1726 1141 1895 1215 Quae·
1917 1154 2234 1222 postquam

45 1228 310 1308 gloriosa
346 1231 530 1290 medo
581 1246 798 1308 neque
790 1230 951 1292 belli
989 1227 1262 1310 patrandi
1294 1229 1585 1308 cognovit,
1624 1229 1829 1290 stamit
1846 1229 2045 1303 urbes,
2084 1244 2232 1308 quae

47 1315 192 1376 viris
215 1321 316 1376 aut
331 1316 468 1376 loco
484 1333 596 1395 pro
613 1316 886 1378 hostibus
916 1322 988 1376 et
993 1316 1311 1382 advorsum
1344 1335 1433 1377 se
1426 1315 2004 1396 opportunissumae
2048 1317 2232 1388 erant,

51 1401 320 1478 singulas
354 1401 810 1464 circumvenire:
843 1403 926 1464 ita
961 1401 1303 1481 Iugurtham
1332 1409 1431 1464 aut
1464 1402 1775 1484 praesidiis
1820 1403 2133 1476 nudatum,
2184 1402 2235 1462 si

51 1505 127 1547 ea
161 1493 487 1566 pateretur,
536 1497 636 1548 aut
670 1488 889 1568 praelio
925 1497 1301 1553 certaturum.
1372 1490 1518 1550 Nam
1556 1489 1843 1549 Bocchus·
1860 1489 2114 1550 nuncius
2159 1487 2234 1548 ad

53 1590 196 1634 eum
215 1590 392 1653 saepe
422 1571 676 1646 miserat,
709 1574 858 1636 velle
891 1575 1096 1655 populi
1118 1575 1369 1636 Romani
1396 1574 1701 1635 amicitiam
1716 1604 1739 1646 ,·
1775 1581 1859 1633 ne'
1888 1575 2037 1652 quid·
2054 1574 2130 1635 ab
2168 1591 2234 1634 se

50 1658 268 1724 hostile
291 1661 540 1720 timeret.
585 1657 652 1720 ld
672 1660 1124 1758 simulaveritne,
1151 1679 1269 1739 quo
1288 1661 1641 1740 improvisus
1658 1658 1893 1736 gravior
1907 1661 2234 1734 accederet,

55 1763 138 1806 an
175 1744 498 1810 mobilitate
531 1745 755 1824 ingemi
791 1763 996 1827 pacem
1033 1754 1211 1826 atque
1245 1746 1462 1808 bellum
1496 1753 1719 1806 mutate
1758 1743 2233 1824 solituS,pa1-um

55 1830 423 1910 exploratum
445 1837 553 1890 est.

189 1916 346 1998 Cap.
384 1917 691 1979 LXXXIX.
739 1875 855 1979 Sed
895 1915 1142 1991 Consul,
1173 1917 1256 1979 uti
1296 1923 1592 1991 statuerat,
1631 1860 1847 1995 cppida
1886 1915 2235 1996 castellaque

57 2003 287 2064 munita
315 2004 495 2078 adire,
527 2004 740 2083 partim
764 2004 839 2077 vi,
867 2004 976 2083 alia
1001 2014 1159 2065 metu
1182 2011 1284 2065 aut
1310 2004 1568 2083 praemia
1592 2003 1943 2064 ostentando
1970 2011 2235 2063 avortere

59 2089 138 2151 ab
169 2088 464 2151 hostibus.
507 2093 592 2151 Ae
625 2091 816 2171 primo
850 2078 1166 2153 mediocria
1191 2091 1451 2169 gerebat,
1482 2086 1858 2162 existumanS‚
1896 2090 2233 2166 Iugurtham

55 2174 140 2234 ob
173 2192 318 2237 suos
343 2177 625 2239 tutandos
643 2179 705 2238 in
727 2194 938 2259 manus
965 2184 1297 2238 venturum.
1344 2178 1460 2238 Sed
1490 2175 1588 2238 ubi
1612 2176 1775 2236 illum
1792 2176 2000 2253 procul
2023 2174 2234 2233 vabesse

57 2268 120 2321 et
145 2260 272 2321 aliis
313 2262 564 2339 negotiis
593 2262 880 2325 intentum
904 2262 1147 2343 accepit,
1183 2262 1406 2324 maiora
1434 2270 1493 2323 et
1526 2262 1711 2339 magis
1748 2273 1959 2339 aspera
2000 2259 2235 2337 aggredi

54 2356 304 2425 tempus
319 2348 512 2408 visum
533 2356 640 2409 est.
684 2349 825 2409 Emt
839 2348 1268 2425 inter-ingentis
1290 2345 1637 2409 solitudines
1658 2346 1942 2425 oppidum
1960 2359 2233 2423 magnum

53 2440 238 2509 atque
297 2432 521 2505 valenS,
577 2434 816 2495 nomine
873 2433 1084 2513 Capsa,
1155 2434 1321 2495 cuius
1388 2432 1667 2501 conditor,
1716 2431 1999 2493 Hercules
2058 2431 2233 2512 Libys

53 2518 525 2581 memorabatur.
569 2517 710 2581 Eius
751 2520 904 2581 cives
939 2520 1093 2599 apud
1124 2520 1462 2596 Iugurtham
1498 2520 1813 2591 immunes,
1844 2518 1957 2579 levi
1989 2518 2234 2597 imperio

53 2611 120 2665 et
165 2601 245 2666 ob
293 2620 362 2664 ea
413 2604 758 2667 fidelissumi
807 2604 1210 2678 habebantur3
1259 2605 1469 2668 muniti
1514 2605 1830 2666 advorsum
1876 2605 2065 2665 hosti-s
2112 2619 2234 2665 non

52 2688 374 2753 moenibus
413 2690 590 2753 modo
637 2699 695 2753 et
737 2691 915 2753 armis
955 2700 1129 2771 atque
1166 2691 1331 2766 viriS‚
1373 2709 1573 2754 verum
1618 2692 1787 2753 etiam
1824 2691 2008 2753 multo
2050 2690 2231 2767 magis

54 2778 330 2838 locorum
374 2777 708 2857 asperitate.
754 2779 929 2852 Nam,
970 2785 1207 2858 praeter
1241 2778 1461 2860 oppido
1498 2778 1856 2859 propinqua,
1898 2777 2006 2837 alia
2042 2774 2234 2835 omnia

58 2869 248 2935 vasta,
267 2862 500 2937 inculta,
521 2864 750 2942 egentia
769 2882 973 2945 aquae,
998 2862 1214 2927 infesta
1241 2865 1635 2947 serpentibus»,
1662 2869 1909 2943 quorum
1936 2861 2041 2933 viS,
2066 2858 2236 2921 siculi

57 2948 326 3011 omnium
347 2950 622 3020 ferarum,
647 2949 846 3033 inopia
867 2949 983 3011 cibi
1004 2949 1226 3026 acrior3
1254 2952 1327 3011 ad
1346 2952 1465 3012 hoc
1486 2960 1696 3013 natura
1719 2948 2077 3027 serpentium
2098 2946 2235 3025 ipsa

57 3034 398 3116 perniciosa
421 3035 515 3094 siti
533 3035 718 3113 magis
743 3054 918 3115 quam
937 3036 1047 3097 alia
1062 3053 1129 3096 re
1149 3038 1505 3099 accenditur.
1540 3035 1679 3099 Eius
1701 3033 1965 3115 potiundi
1988 3030 2235 3103 Marium

59 3138 338 3183 maxuma
371 3121 582 3200 cupido
619 3121 926 3196 invaserat,
967 3142 1096 3184 cum
1134 3132 1379 3203 propter
1408 3142 1583 3186 usum
1624 3122 1842 3195 belii‚t
1816 3126 1939 3181 tum
1976 3121 2109 3201 quia
2136 3138 2234 3180 res

63 3224 278 3286 aspera
332 3204 670 3281 videbatun
739 3216 797 3268 et
849 3206 1115 3270 Metellus
1170 3210 1454 3289 oppidum
1493 3210 1732 3273 Thalam
1784 3185 1995 3285 magna
2051 3206 2234 3286 gloria

63 3300 334 3373 ceperat,
389 3292 549 3353 haud
590 3292 942 3355 dissimiliter
989 3296 1164 3357 situm
1206 3297 1641 3376 munitumque,
1694 3292 1806 3355 nisi
1866 3295 2026 3373 quod
2080 3290 2234 3373 apud

63 3379 312 3444 Thalam
334 3398 460 3441 non
489 3380 662 3457 longe
686 3396 718 3439 a
737 3380 1050 3441 moenibus
1073 3380 1295 3460 aliquot
1320 3384 1510 3443 fontes
1535 3388 1729 3456 erant3
1759 3378 2089 3461 Capsenses
2116 3394 2235 3439 una

61 3466 249 3530 modo
279 3470 450 3545 atque
481 3484 548 3526 ea
583 3464 736 3527 intra
772 3465 1050 3547 oppidum
1089 3466 1211 3546 iugi
1238 3486 1405 3546 aqua,
1445 3480 1637 3529 cetera
1671 3468 1862 3548 'pluvia
1900 3465 2231 3529 utebantur.

63 3556 133 3617 ld
157 3551 356 3629 ibique
380 3559 438 3612 et
467 3552 526 3614 in
557 3553 713 3614 omni
745 3552 952 3628 Africa,
979 3570 1126 3633 quae
1148 3554 1358 3635 procul
1388 3572 1421 3615 a
1446 3556 1589 3617 mari
1612 3554 1883 3694 incultgus
1906 3550 2133 3629 agebat.
2160 3568 2231 3610 eo

151 3648 347 3695 Sallu-t.
379 3647 583 3706 lugurth.
1498 3670 1505 3679 ·
