2400 3900
744 47 1072 110 -ρΑΤιιιΝ,
1121 65 1171 108 c.
1199 47 1368 131 54-,
1388 46 1525 110 58.·
2112 45 2195 112 31

175 167 338 244 Cap.
365 165 532 226 LVll.
580 167 696 226 Sed
728 171 1040 245 postquam
1075 165 1136 224 in
1175 175 1364 224 castra
1392 165 1641 229 nuntius
1664 167 1951 248 pervenit,
1982 167 2205 232 Romae

40 252 504 313 coniurationem
533 254 896 330 patefactam,
925 252 998 311 de
1025 250 1273 312 Lentulo
1300 257 1359 310 et
1384 251 1638 334 Cethego
1674 253 2019 336 ceterisque,
2058 275 2205 334 quos

42 355 225 417 supra
270 338 601 410 memoravi,
643 337 997 417 supplicium
1034 347 1353 414 sumptum,
1379 337 1658 417 plerique,
1691 359 1842 420 quos
1879 343 1953 402 ad
1989 341 2207 404 bellum

39 442 184 504 spes
209 421 546 503 rapinarum
569 431 668 484 aut
700 441 982 484 novarum
1009 437 1207 482 rerum
1241 421 1499 483 studium
1521 423 1798 503 illexerat,
1840 427 2207 503 dilabuntur3

38 510 300 589 reliquos
323 509 564 572 Catilina
603 527 713 588 per
747 514 986 572 montes
1021 519 1265 586 asperos
1302 507 1531 587 magnis
1566 509 1871 576 itineribus
1905 513 1966 574 in
2000 531 2209 592 agrum

37 596 466 658 Pistoriensem
493 595 748 670 abducit,
783 615 867 656 eo·
891 595 1176 666 consilio‚·
1196 593 1281 654 uti
1312 611 1427 674 per
1452 591 1712 658 tramites
1748 599 1976 660 occulte
2002 603 2210 679 profu-

41 689 208 760 geret
245 682 306 742 in
335 681 577 741 Galliam
603 679 1069 760 Transalpinam.
1137 681 1211 739 At
1240 680 1314 752 Q.
1340 679 1607 742 Metellus
1637 681 1808 744 Celer
1846 703 1979 745 cum
2018 677 2208 746 tribus

36 767 370 846 legionibus
401 768 461 827 in
489 783 632 844 agro
659 767 876 827 Piceno
899 765 1287 845 praesidebat,
1316 784 1388 828 ex
1413 763 1750 828 difficultate
1776 784 1973 830 rerum
2004 773 2209 833 eadem

16 855 132 922 ,illa
161 853 546 922 existumans,
581 860 732 930 quae
763 869 940 931 supra
963 851 1236 924 diximuS,
1272 853 1574 914 Catilinam
1596 853 1835 933 agitare.
1882 855 2080 934 Igitur,
2110 857 2213 919 ubi

35 941 156 1001 iter
187 939 318 1000 eins
347 955 418 997 ex
457 937 718 1017 perfugis
745 938 1037 1016 cognovit,
1075 945 1266 998 castra
1299 955 1555 1019 propere
1590 948 1791 1001 movet
1822 957 1891 1002 ac
1925 940 2036 1002 sub
2068 943 2215 1022 ipsis
2312 979 2327 990 -

33 1025 342 1087 radicibus
367 1023 654 1085 montium
673 1024 957 1098 consedit,
986 1023 1100 1104 qua
1125 1023 1208 1085 illi
1226 1024 1555 1090 descensus
1576 1035 1703 1087 erat
1720 1027 1784 1087 in
1805 1025 2045 1088 Galliam
2072 1033 2215 1109 pross·

35 1110 292 1191 pei-anti.
340 1109 545 1188 Neque
580 1118 779 1170 tamen
802 1110 1091 1170 Antonius
1128 1111 1335 1189 procui
1366 1111 1586 1184 aberat,
1620 1119 1828 1194 utpote
1862 1111 1961 1192 qui
1996 1129 2214 1192 magno

39 1197 302 1258 exercitu
339 1195 483 1256 locis
506 1196 881 1274 aequioribus
907 1195 1214 1274 expeditos
1247 1196 1310 1256 in
1336 1198 1470 1273 fuga
1503 1208 1875 1278 sequeretur.
1923 1199 2038 1260 Sed
2064 1199 2219 1262 Cati-

41 1285 182 1356 iina,
213 1291 530 1362 postquam
557 1281 715 1367 videt
739 1281 1038 1341 montibus
1065 1290 1242 1362 atque
1268 1281 1451 1362 copiis
1474 1279 1737 1346 hostium
1772 1301 1905 1345 sese
1933 1287 2217 1359 clausum,

39 1370 104 1428 in
131 1368 282 1428 urbe
299 1383 398 1427 res
424 1367 948 1444 advorsas‚-neque
970 1367 1140 1446 fugae
1161 1383 1361 1446 neque
1378 1369 1659 1450 praesidii
1686 1369 1862 1431 ullam
1888 1389 2075 1452 spem,
2107 1389 2217 1451 op-

37 1464 274 1516 tumum
312 1454 467 1513 factu
501 1461 662 1512 ratus
702 1453 764 1513 in
799 1453 902 1514 tali
946 1473 1010 1513 re
1047 1456 1346 1517 fortunam
1378 1455 1515 1516 belli
1538 1463 1795 1529 tentare,
1849 1457 2051 1519 statuit
2085 1473 2219 1518 cum

37 1539 302 1601 Antonio
322 1555 497 1615 quam
517 1537 771 1616 primum
797 1539 1132 1617 confligere.
1177 1541 1380 1620 Itaque
1402 1541 1685 1602 concione
1712 1543 1991 1606 advocata
2009 1544 2220 1605 huius—

41 1625 294 1687 cemodi·
308 1624 634 1684 orationem
658 1625 879 1685 habuit.

175 1712 334 1789 Cap.
358 1709 553 1770 Lvm.
601 1711 1020 1789 „compertum
1057 1727 1167 1787 ego
1206 1708 1415 1783 habeo,
1453 1709 1683 1783 milites,
1720 1709 1901 1772 verba
1946 1709 2221 1774 virtutem

42 1814 170 1856 non
213 1796 452 1868 addere,
499 1811 694 1874 neque
733 1813 803 1855 ex
837 1795 1048 1872 ignavo
1089 1805 1397 1856 strenuum
1426 1813 1623 1884 neque
1655 1797 1865 1858 fortem
1910 1815 1983 1860 ex
2014 1797 2219 1862 timido

44 1881 367 1942 exercitum
421 1881 688 1941 oratione
744 1879 1113 1960 imperatoris
1168 1870 1312 1943 ficii.
1394 1881 1627 1957 Quanta
1684 1883 1971 1963 cuiusque
2025 1883 2219 1946 animo

44 1967 290 2029 audacia
319 1972 524 2027 natura
553 1976 652 2027 aut
669 1966 936 2029 moribus
960 1967 1133 2041 inest,
1171 1976 1329 2029 tanta
1349 1968 1411 2029 in
1430 1968 1586 2030 bello
1604 1979 1807 2051 patere
1832 1970 2013 2049 solet3
2043 1988 2220 2051 quem

46 2070 250 2131 neque
291 2052 696 2131 gloria'neque
735 2053 993 2133 pericula
1031 2054 1297 2128 excitant,
1334 2056 1723 2135 nequicquam
1748 2057 2002 2131 hortere,
2042 2058 2219 2118 timor

47 2138 232 2199 animi
257 2136 496 2199 auribus
521 2139 720 2199 officit.
766 2140 885 2201 Sed
921 2156 1030 2218 ego
1061 2158 1170 2201 vos
1212 2158 1327 2219 quo
1362 2158 1548 2221 pauca
1576 2160 1884 2203 monerem
1921 2142 2219 2217 advocavi,

49 2225 229 2285 simul
256 2225 341 2287 uti
363 2241 635 2287 caussam
673 2227 791 2286 mei
831 2226 1403 2304 consiliiaperirem.
1459 2226 1633 2288 Scitis
1658 2226 1952 2305 equidem,
1986 2227 2220 2299 militeS,

49 2310 327 2373 socordia
349 2316 524 2388 atque
548 2310 776 2387 ignavia
803 2310 1029 2371 Lentuli
1060 2320 1333 2388 quantam
1359 2310 1475 2390 ipsi
1501 2310 1790 2389 nobisque
1816 2312 2041 2373 cladem
2070 2320 2225 2373 attu-

47 2396 196 2469 lerit,
243 2412 484 2474 quoque
519 2394 719 2468 modo,
759 2396 901 2455 dum
937 2414 1006 2455 ex
1037 2394 1186 2455 urbe
1223 2394 1513 2474 praesidia
1549 2396 1846 2476 opperior,
1881 2397 1941 2457 in
1978 2396 2222 2459 Galliam

49 2480 348 2561 proficisci
367 2479 750 2557 nequiverim.
796 2478 966 2540 Nunc
985 2496 1122 2540 vero
1150 2495 1269 2559 quo
1293 2478 1355 2541 in
1374 2478 1505 2541 loco
1524 2498 1621 2545 res
1640 2490 1879 2543 nostrae
1901 2484 2038 2558 sint,
2062 2484 2223 2545 iuxta

47 2584 286 2627 mecum
328 2581 540 2626 omnes
573 2564 923 2645 intellegitis.
971 2563 1278 2627 Exercitus
1308 2566 1565 2627 hostium
1592 2566 1729 2644 duo,
1768 2586 1925 2631 unus
1952 2570 2026 2632 ab
2053 2571 2221 2647 urbe,

50 2653 198 2714 alter
217 2670 250 2713 a
277 2651 458 2713 Gallia
481 2652 750 2727 obstant3
787 2650 1004 2713 diutius
1037 2651 1102 2713 in
1133 2650 1228 2713 his
1248 2650 1395 2713 locis
1421 2668 1571 2728 esse,
1607 2654 1659 2715 si
1693 2648 2219 2718 maxumeanimus

49 2740 218 2809 ferat,
245 2737 522 2801 frumenti
546 2744 720 2818 atque
744 2736 986 2799 aliarum
1009 2751 1210 2801 rerum
1236 2746 1466 2817 egestas
1492 2736 1788 2818 prohibet.
1838 2742 2224 2821 Quocumque

49 2825 138 2885 ire
159 2823 368 2902 placet,
407 2824 564 2883 ferro
595 2823 710 2885 iter
740 2822 1128 2905 aperiundum
1159 2834 1269 2886 est.
1324 2822 1703 2909 Quapropter
1727 2844 1832 2886 vos
1864 2844 2101 2904 moneo,
2135 2826 2223 2888 uti

52 2908 188 2973 forti
227 2914 401 2988 atque
433 2916 638 2988 parato
671 2908 865 2971 animo
893 2909 1042 2983 sitis,
1079 2912 1140 2971 et
1168 2926 1348 2991 quum
1371 2910 1659 2989 praelium
1683 2910 1905 2972 inibitis
1936 2912 2222 2974 memine-

51 2996 200 3070 ritis,
236 3012 344 3055 vos
383 2990 627 3068 divitias,
665 2996 864 3070 decus,
900 2994 1162 3074 gloriam,
1199 3003 1503 3075 praeterea
1536 2994 1865 3059 libertatem
1906 3006 2079 3075 atque
2116 3017 2222 3078 pa-

54 3083 228 3144 triam
271 3080 332 3142 in
368 3079 590 3141 dextris
633 3080 841 3143 vestris
871 3090 1127 3160 portare.
1204 3080 1269 3143 Si
1300 3079 1607 3155 vincimuS,
1654 3082 1847 3143 omnia
1887 3082 2060 3145 nobis
2098 3093 2223 3146 tuta

57 3172 249 3242 erunt,
285 3173 643 3229 commeatus
667 3166 919 3240 abunde,
951 3164 1271 3249 municipia
1294 3176 1467 3249 atque
1490 3168 1751 3230 coloniae
1776 3169 2090 3249 patebunt;
2128 3170 2222 3232 sin

55 3261 221 3315 metu
245 3252 620 3341 cesserimus,
647 3253 850 3314 eadem
873 3252 970 3315 illa
995 3252 1247 3315 advorsa
1270 3252 1430 3325 flent,
1451 3270 1646 3335 neque
1670 3254 1834 3317 locus
1858 3272 2049 3337 neque
2075 3256 2221 3317 ami-

58 3358 162 3403 cus
197 3338 508 3419 quisquam
543 3342 722 3417 teget,
751 3354 928 3419 quem
963 3356 1124 3401 arma
1155 3356 1277 3404 non
1311 3336 1577 3402 texerint.
1622 3336 1947 3417 Praeterea,
1980 3342 2217 3417 milites,

56 3442 184 3487 non
219 3424 423 3487 eadem
459 3423 634 3487 nobis
671 3422 875 3495 etilli's
919 3422 1301 3492 necessitudo
1328 3424 1663 3504 impendet3
1714 3442 1824 3487 nos
1860 3444 1970 3507 pro
2010 3424 2217 3506 patria,

18 3511 32 3521 ”
60 3528 176 3592 pro
199 3510 482 3585 libertate,
523 3528 631 3591 pro
671 3508 785 3573 vita
819 3508 1131 3587 certamus,
1167 3509 1280 3573 illis
1311 3525 1807 3591 supervacaneum
1842 3520 1933 3575 est
1954 3526 2221 3592 pugnare
