2400 3900
749 33 1062 98 aarum.
1109 53 1160 96 ο.
1181 33 1285 96 31.
1298 65 1379 80 --
1392 33 1513 100 aa·
2122 4 2237 98 17'

28 199 30 234 3
43 154 296 249 ponatis,
331 161 398 216 ut
423 169 790 233 quaeramuS,
827 169 1082 234 quonam
1103 154 1283 216 modo
1318 151 1587 217 maxume
1602 155 1707 218 ulti
1732 157 2075 236 sanguinem
2098 179 2211 221 no-

47 252 240 302 strum
267 258 604 320 pereamus,

181 329 340 408 Cap.
379 327 632 388 xxxiv.
697 327 786 386 Ad
833 327 981 388 haec
1027 328 1100 399 Q.
1133 325 1387 388 Marcius
1430 317 1781 404 responditz-
1828 329 1892 390 Si
1936 328 2077 408 qnid
2128 329 2207 394 ab

44 413 268 474 Senatu
303 421 506 491 petere
530 412 744 472 vellent
775 413 848 474 ab
875 412 1050 474 armis
1075 412 1404 484 discedant,
1445 411 1687 472 Romam
1726 415 2025 494 supplices
2064 435 2205 496 pro-

43 498 414 573 ficiscantur3
461 515 529 558 ea
570 497 1024 561 mansuetudine
1055 507 1233 576 atque
1268 495 1666 558 miseiicordia
1692 497 1972 562 Senatum
2002 502 2203 581 Popu-

41 585 288 662 lumque
307 584 642 646 Romanum
671 602 908 664 semper
937 584 1140 657 fuisse,
1179 590 1243 644 ut
1282 601 1459 644 nemo
1483 601 1761 660 umquam
1790 587 1867 646 ab
1891 605 1964 646 eo
1988 588 2203 648 frustra

45 669 322 744 auxilium
357 669 645 751 petiverit.
706 671 780 728 At
807 669 1048 730 Catilina
1083 687 1153 729 ex
1198 667 1407 728 itinere
1443 667 1741 748 plerisque
1786 671 2201 734 Consularibus

41 764 354 834 praeterea
387 763 631 836 optumo
655 754 870 832 cuique
901 754 1124 815 litteras
1151 752 1353 816 mittit:
1400 755 1496 828 Se,
1534 755 1697 817 falsis
1720 754 2059 819 criminibus
2090 759 2204 819 eir-

45 849 444 914 cumventum,
469 839 746 920 quoniam
769 839 1006 904 factioni
1020 839 1391 908 inimicorum
1413 839 1695 902 resistere
1721 841 2063 919 nequiverit,
2082 845 2204 906 for-

45 937 228 988 tunae
260 928 488 991 cedere,
536 924 847 988 Massiliam
877 925 942 987 in
975 926 1208 988 exilium
1240 925 1551 1006 proficisci,
1598 942 1721 988 non
1758 946 1875 1006 quo
1912 927 2025 988 sibi
2059 931 2204 992 tami

45 1011 290 1074 sceleris
315 1010 587 1073 conscius
613 1021 790 1086 esset,
823 1013 930 1073 sed
956 1011 1040 1074 uti
1056 1012 1395 1093 respublica
1418 1011 1611 1090 quieta
1632 1013 1785 1072 foret
1810 1031 1959 1074 neve
1993 1031 2065 1075 ex
2096 1033 2205 1084 sua
2308 1077 2313 1084 ,

46 1098 424 1159 contentione
445 1096 656 1158 seditio
683 1097 958 1164 orii-etur.
999 1097 1090 1160 Ab
1112 1098 1207 1158 his
1224 1097 1401 1176 longe
1428 1097 1695 1159 divorsas
1712 1097 1909 1160 literas
1940 1099 2011 1173 Q.
2031 1101 2207 1161 Catu·-

43 1185 142 1246 lus
166 1183 229 1245 in
252 1183 474 1244 Senatu
498 1182 776 1257 recitavit,
801 1202 948 1263 quas
973 1181 1086 1244 sibi
1110 1183 1353 1244 nomine
1372 1183 1647 1246 Catilinae
1676 1183 1944 1248 redditas,
1955 1185 2205 1260 dicebat,

45 1287 249 1331 earum
273 1268 600 1348 exemplum
621 1269 772 1330 infra
796 1269 1082 1348 scriptum
1103 1277 1217 1330 est.

180 1354 341 1433 Cap.
368 1353 596 1416 XXXV.
669 1354 736 1414 L.-
777 1354 1016 1418 Catilina
1065 1355 1136 1427 Q.
1181 1353 1402 1416 Catulo.
1478 1353 1725 1431 Egregia
1771 1361 1867 1416 tua
1908 1355 2091 1435 fides,
2135 1372 2205 1416 re

47 1437 282 1516 cognita
303 1447 466 1516 grata
479 1437 638 1512 mihi,
652 1439 878 1517 magnis
895 1441 956 1502 in
971 1438 1118 1502 meis
1131 1439 1405 1522 periculis
1420 1438 1697 1500 'fiduciam
1712 1440 2217 1502 commendationiv
2262 1459 2268 1468 ·

44 1541 216 1586 meae
236 1524 455 1586 tribuit.
502 1523 896 1598 Quamobrem
917 1524 1361 1588 defensionem
1344 1544 1407 1586 in
1428 1543 1587 1585 novo
1614 1525 1853 1586 consilio
1877 1545 1997 1587 non
2026 1528 2205 1588 statui

43 1627 276 1689 parare,
302 1610 758 1672 satisfactionem
780 1631 852 1672 ex
875 1611 1030 1674 nulla
1067 1610 1419 1672 conscientia
1444 1610 1517 1670 de
1542 1611 1710 1689 culpa
1735 1628 2075 1690 proponere
2098 1613 2206 1674 de·-

51 1696 227 1770 crevi,
277 1715 453 1776 quam
489 1695 898 1758 mediusfidius
933 1713 1128 1758 veram
1164 1696 1303 1757 lieet
1342 1713 1685 1772 cognoscas·
1726 1695 1959 1757 Iniuriis
1995 1705 2206 1760 contu-

45 1781 349 1861 meliisque
381 1781 724 1856 concitatum
767 1782 928 1861 quod
953 1783 1148 1844 fructu
1169 1780 1389 1842 laboris
1419 1780 1859 1859 industriaeque
1892 1799 2057 1868 meae
2082 1784 2205 1861 pri-

47 1873 216 1928 vatus
243 1874 456 1929 statum
484 1865 780 1945 dignitatis
810 1885 932 1930 non
953 1867 1309 1942 obtinebam,
1344 1866 1637 1946 publicam
1663 1857 2007 1928 miserorum
2032 1885 2205 1931 eaus-

48 1970 182 2015 sam
215 1960 324 2033 pro
361 1972 498 2015 mea
527 1954 952 2016 consuetudine
977 1954 1248 2033 suscepi,
1286 1956 1408 2015 non
1441 1952 1581 2032 quin
1624 1972 1726 2015 aes
1762 1953 2014 2017 alienun
2054 1954 2202 2017 meis

45 2038 395 2103 nominibus
441 2058 512 2099 ex
561 2040 1042 2119 possessionibus
1089 2040 1321 2101 solvere
1360 2056 1621 2119 possem,
1668 2056 1851 2117 quum
1894 2048 1957 2101 et
1996 2039 2201 2103 alienis

43 2124 385 2189 nominibus
406 2123 716 2187 liberalitas
735 2126 1038 2189 Orestillae
1055 2126 1180 2189 suis
1196 2124 1461 2204 filiaeque
1484 2124 1668 2205 copiis
1693 2125 2073 2204 persolveret,
2096 2128 2202 2187 sed

49 2211 212 2292 quod
235 2229 354 2273 non
389 2210 602 2289 dignos
625 2211 896 2276 homines
917 2212 1144 2273 honore
1171 2213 1515 2293 honestatos
1535 2210 1802 2273 videbam
1822 2230 2037 2289 meque
2060 2212 2203 2273 falsa

46 2297 388 2375 suspicione
413 2296 726 2359 alienatum
757 2316 902 2359 esse.
925 2296 1271 2359 sentiebam.
1329 2296 1459 2359 Hoc
1484 2294 1723 2368 nomine
1754 2297 1897 2358 satis
1924 2297 2203 2359 honestas

51 2400 164 2462 pro
195 2402 330 2443 meo
366 2398 508 2443 casu
531 2399 672 2459 spes
711 2382 972 2461 reliquae
1003 2378 1299 2459 dignitatis
1324 2382 1762 2442 conservandae
1786 2398 1918 2441 sum
1944 2391 2201 2445 secutus.

45 2466 226 2529 Plura
251 2484 434 2545 quum
459 2466 716 2530 scribere
739 2466 965 2542 vellem,
987 2466 1329 2529 nunciatum
1364 2474 1457 2528 est
1479 2467 1593 2527 vim
1614 2464 1755 2527 milii
1779 2468 1989 2565 parari.
2033 2468 2203 2530 Nunc

49 2551 384 2615 Orestillam
409 2553 760 2615 commendo
784 2562 1036 2631 tuaeque
1055 2552 1194 2615 fidei
1214 2553 1403 2626 trado,
1426 2568 1559 2613 eam
1584 2551 1703 2615 ab
1684 2551 1895 2615 iniuria
1922 2555 2203 2666 defendas

46 2656 158 2719 per
183 2638 399 2699 liberos
425 2644 560 2699 tuos
583 2646 845 2737 rogatus.
889 2640 1092 2703 Aveto.

181 2724 339 2803 Cap.
371 2724 623 2785 XXXVL
668 2724 836 2789 Sed
819 2743 950 2804 ipse
975 2742 1196 2805 paucos
1224 2724 1351 2785 dies
1374 2732 1769 2786 commoratus
1803 2725 1959 2804 apud
1985 2724 2047 2785 C.
2074 2725 2200 2785 Fla-

49 2807 296 2871 minium
322 2809 680 2871 Flammam
664 2831 725 2872 ιιι
747 2830 887 2890 agro
911 2811 1166 2885 Aretino,
1193 2810 1337 2872 dum
1353 2809 1699 2873 vicinitatem
1727 2816 1895 2871 antea
1928 2809 2199 2870 sollicita-

14 2904 170 2957 ‘tam
203 2894 382 2955 armis
419 2902 680 2971 exornat,
717 2914 849 2961 cum
886 2897 1148 2959 fascibus
1167 2904 1343 2974 atque
1368 2894 1495 2960 aliis
1530 2894 1757 2974 imperii
1783 2894 2111 2973 insignibus
2136 2894 2199 2953 in

53 2988 247 3045 castra
264 2979 342 3041 ad
363 2979 644 3043 Manlium
663 2983 982 3045 contendit.
1025 2983 1186 3045 Haec
1212 2979 1315 3043 ubi
1336 2980 1557 3045 Romae
1584 2990 1883 3059 comperta
1908 2986 2063 3053 sunt,
2090 2980 2201 3041 Se-

47 3074 222 3129 natus
248 3065 546 3127 Catilinam
571 3077 629 3130 et
651 3068 930 3133 Manlium
949 3070 1136 3131 hostis
1157 3067 1395 3141 iudicat,
1424 3075 1653 3129 ceterae
1672 3065 2023 3129 multitudini
2044 3066 2197 3129 diem

51 3150 256 3215 statuit
273 3160 418 3215 ante·
443 3168 620 3229 quam
653 3154 780 3217 sine
817 3155 1022 3218 fraude
1053 3155 1254 3217 liceret
1286 3153 1361 3215 ab
1402 3154 1583 3215 amnis
1612 3152 1933 3223 discedere,
1970 3161 2200 3230 praeter

53 3256 252 3301 rerum
285 3237 612 3319 capitalium
653 3240 1080 3303 condemnatis.
1135 3241 1445 3303 Praeterea
1466 3236 1761 3309 'decet-nit,
1796 3238 1881 3301 uti
1916 3238 2199 3301 Consules

53 3326 344 3390 delectum
375 3324 648 3397 habeant,
683 3328 972 3393 Antonius
1001 3344 1134 3389 cum
1169 3326 1427 3387 exercitu
1444 3323 1749 3385 Catilinam
1772 3324 2047 3403 persequi
2074 3340 2197 3385 ma-

13 3416 224 3501 iuret,
261 3410 462 3471 Cicero
498 3410 634 3472 urbi
655 3406 952 3493 praesidio
975 3414 1068 3475 sit.
1112 3412 1194 3473 Ea
1216 3416 1562 3490 tempestate
1586 3408 1774 3472 mihi
1758 3412 2065 3491 imperium
2088 3426 2197 3487 po-

13 3475 174 3577 puli
195 3496 443 3579 Romani
467 3498 649 3559 multo
673 3516 943 3563 maxume
967 3498 1299 3561 miserabile
1324 3497 1511 3559 visum
1534 3495 1796 3639 est,cu12
1800 3509 1977 3576 quum
2002 3495 2075 3557 ad
2094 3512 2197 3555 oc-

168 3594 200 3637 s
205 3593 294 3636 aun
301 3599 355 3637 ιι.
392 3594 458 3636 c
461 3593 559 3637 tl
