2400 3900
353 75 367 85 ’
406 127 422 136 „
481 69 496 102 ³
583 65 814 128 ,BELL
855 63 1216 126 mmmm.
1262 82 1313 125 c.
1343 61 1721 126 los-*1132
1776 75 1783 82 ’
1847 111 1855 116 .
2152 63 2237 130 93

34 205 146 261 es,
199 186 400 266 paucis
433 188 654 266 accipe.
701 185 925 248 Bellum
961 199 1072 262 ego
1109 183 1332 264 populo
1354 181 1622 244 Romanu)
1656 199 1856 264 neque
1877 185 2009 260 feei,
2044 202 2237 267 nequo

33 275 286 336 factum
313 291 592 352 umquam
619 271 796 344 volui,
829 271 966 332 finis
989 285 1156 331 meos
1191 271 1505 330 advorsum
1526 278 1786 333 armatos
1808 269 1985 332 armis
2018 279 2235 336 tutatus

35 377 228 422 sum.
274 357 342 420 Id
378 357 614 432 omitto,
657 356 895 437 quando
925 355 1096 416 vobis
1128 355 1207 416 ita
1240 356 1461 435 placet3
1498 356 1706 434 gerite,
1736 357 1833 418 ufi·
1866 356 2067 432 voltis,
2103 372 2237 421 eum

34 443 355 523 Iugurtha.
379 443 618 506 bellum.
661 442 805 522 Ego
811 445 1034 504 flumen
1057 442 1410 516 Mulucham,
1447 442 1609 538 quod
1625 442 1813 504 inte-r·
1829 461 1925 524 me
1950 451 2012 504 et
2032 439 2239 525 Micip—

35 549 196 594 sam
217 530 342 602 suit,
359 548 484 596 non
501 529 784 610 egrediar,
805 547 1002 607 neque
1017 525 1360 606 Iugurtham
1374 527 1471 588 1d
1453 538 1676 590 intrare
1690 528 1899 592 sinam.
1930 531 2239 592 Praeterea

37 617 104 678 si
137 616 288 696 quid
309 633 522 695 meque
544 616 840 694 vobisque
851 615 1093 693 dignum
1117 614 1418 701 petiveris‚
1444 614 1601 675 haud
1623 614 1903 693 repulsus
1926 616 2135 680 abibis

199 701 361 782 Cap.
378 701 526 766 cxl,
567 703 660 762 Ad
687 720 772 762 ea
769 700 940 762 Sulla
959 717 1066 780 pro
1093 719 1158 762 se
1175 694 1435 762 breviter
1454 707 1513 761 et
1534 700 1785 774 modice,
1812 700 1887 760 de
1908 717 2057 783 pace
2077 710 2145 762 et¹
2160 701 2237 763 de
2300 695 2307 780 [

37 788 488 850 communibus
515 788 694 848 rebus
721 786 920 848 multis
953 786 1251 850 disseruit.
1295 785 1557 865 Denique
1590 785 1719 865 regi·
1742 786 2047 864 patefecit.
2078 789 2239 866 quod

35 874 448 954 polliceatur,
488 873 766 936 Senatum
817 880 878 932 et
924 873 1213 952 populum
1257 873 1615 945 Romanum,
1663 872 1939 951 quoniam
1991 873 2240 952 amplius

37 959 254 1020 armis
293 959 642 1034 valuissent,
681 977 805 1019 non
845 959 904 1020 in
947 959 1189 1038 gratia-m
1239 955 1577 1031 habituros,
1625 957 1957 1020 faciundum
2005 959 2241 1037 aliquid,

39 1045 236 1124 quod
281 1043 534 1107 illorum·
565 1044 750 1122 magis
797 1063 974 1124 quam
1016 1061 1122 1106 sua
1175 1044 1453 1105 retulisse
1492 1044 1814 1118 videretur3
1864 1043 1925 1103 id
1980 1044 2129 1104 adeo
2180 1044 2245 1104 in

39 1136 354 1210 promptu
371 1131 828 1210 esse,·quoniam
843 1131 1162 1208 iugurthae
1191 1129 1421 1208 copiam
1448 1127 1724 1203 haberet3
1750 1144 1923 1208 quem
1956 1130 2005 1190 si
2023 1129 2243 1190 Roma—

39 1216 162 1276 nis
188 1215 550 1289 tradidisset,
585 1218 727 1289 sore,
761 1224 826 1275 ut
845 1214 925 1275 illi
950 1215 1273 1294 plurimum
1302 1215 1636 1289 deberetur,
1661 1214 1993 1290 amicitiam,
2014 1215 2244 1290 foedus,

45 1301 386 1362 Numidiae
436 1311 695 1380 partem,
737 1317 914 1378 quam
948 1315 1134 1360 *nunc
1169 1308 1423 1380 peteret,
1458 1307 1586 1360 tum
1634 1301 1802 1362 ultro·
1842 1301 2245 1363 adventuram.

49 1387 199 1450 Rex
231 1386 428 1484 primo
461 1385 763 1464 negitare-3
799 1385 1162 1458 affinitatem,
1199 1385 1641 1464 cognationem,
1688 1395 1997 1466 praeterea
2030 1387 2245 1448 foedus

49 1472 496 1547 interveniam
521 1473 598 1533 ad
613 1473 730 1532 hoc
751 1479 1030 1546 metuere,
1054 1489 1130 1532 ne
1147 1432 1449 1534 'fluitanda
1458 1489 1603 1533 usus
1625 1472 1997 1568 popularium
2017 1474 2246 1534 animo-s
2366 1509 2368 1516 ·

51 1565 383 1632 averteret,
413 1557 578 1637 quis
587 1566 650 1619 et
669 1559 950 1636 Iugurtha
977 1555 1148 1620 carus
1181 1565 1245 1616 et
1258 1551 1514 1617 Romani
1545 1557 1742 1618 invisi
1752 1565 1939 1620 erant.
1982 1559 2249 1640 Denique

53 1644 311 1723 saepius
343 1643 616 1726 fatigatus
647 1643 864 1707 lenitur
899 1650 956 1704 et
989 1661 1060 1703 ex
1097 1643 1395 1702 voluntate
1420 1641 1617 1702 Sullae
1644 1643 1841 1702 omnia
1868 1660 1933 1704 se
1949 1646 2245 1707 facturum

56 1729 398 1808 promittit.-
411 1731 704 1792 Ceterum
727 1729 802 1789 ad
835 1725 1221 1790 simulandam
1250 1745 1475 1806 pacem,
1500 1727 1667 1788 cuius
1695 1727 1946 1788 Numida
1973 1731 2245 1791 defessus

57 1815 230 1876 bello
257 1815 666 1887 avidissimus,
693 1831 844 1892 quae
869 1806 1028 1874 utilia
1045 1812 1185 1886 visa,
1214 1814 1595 1875 consti-tuunt.
1640 1814 1725 1874 lta
1750 1815 2080 1894 composito
2108 1815 2245 1876 dolo

63 1900 507 1980 digrediuntur
567 1930 575 1936 1
739 1941 742 1947 ·

205 1988 362 2067 Cap.
389 1986 561 2048 CXll.
617 1986 812 2046 Atrox
851 1992 1090 2061 postero
1131 1983 1229 2045 die
1266 1987 1581 2065 Asparem,
1616 1985 1931 2063 Iugurthae
1972 1985 2247 2063 legatum,

67 2071 338 2151 appellat
365 2072 650 2151 dicitque:
681 2070 792 2131 sibi
819 2088 924 2149 per
948 2068 1235 2131 Dabarem
1266 2088 1339 2131 ex
1366 2070 1526 2131 Sulla
1553 2071 1871 2149 cognitum,
1897 2090 2077 2150 posse
2103 2089 2248 2132 con-

63 2158 397 2219 ditionibus
417 2157 633 2218 bellum
656 2156 813 2237 poni,
838 2154 1217 2233 quamobrem
1237 2156 1391 2235 regis
1413 2156 1504 2217 sui
1526 2156 1873 2217 sententiam
1893 2157 2249 2235 exquireret.

62 2244 177 2305 Ille
214 2242 401 2305 laetus
436 2244 499 2302 in
539 2254 725 2302 castra
761 2241 1077 2318 Iugurthae
1116 2241 1292 2301 venit.
1335 2242 1484 2302 Dein
1518 2242 1713 2302 abillo
1749 2250 1959 2302 cuncta
1995 2242 2244 2303 edoctus

69 2338 396 2410 properato
423 2328 628 2387 itinere
648 2334 785 2405 post
808 2326 962 2385 diem
982 2334 1247 2387 octavum
1272 2326 1424 2388 redit
1446 2327 1519 2388 ad
1538 2326 1838 2387 Bocchum
1864 2334 1921 2387 et
1946 2326 1999 2387 ei
2016 2326 2249 2388 denun-

70 2415 224 2477 ciat:
289 2412 628 2491 lugurtham
668 2429 882 2490 cupere
919 2411 1142 2483 omnia,
1185 2430 1335 2490 quae
1378 2411 1833 2491 imperarentur,
1875 2414 2095 2486 facere,
2141 2416 2250 2475 sed

67 2498 271 2562 Mario
307 2515 518 2579 parum
547 2497 878 2571 confidere3
915 2514 1094 2574 saepe
1127 2506 1299 2557 antea
1325 2515 1457 2559 cum
1490 2498 1940 2577 imperatoribus
1967 2499 2248 2560 Romanis

69 2601 286 2667 pacem
338 2588 682 2645 conventam
717 2582 934 2643 frustra
970 2582 1172 2643 fuisse.
1215 2582 1481 2644 Ceterum
1517 2584 1815 2659 BocchuS‚
1859 2585 1910 2645 si
1959 2585 2249 2647 ambobus
2274 2580 2297 2590 “

73 2669 413 2733 consultum
439 2679 495 2732 et
516 2677 700 2729 ratam
721 2685 928 2747 pacem
949 2667 1136 2737 vellet,
1161 2668 1326 2728 daret
1344 2688 1601 2749 operam,
1629 2680 1696 2732 ut
1716 2688 1830 2731 una
1856 2670 1928 2731 ab
1953 2670 2261 2744 omnibuS„

76 2756 250 2836 quasi
279 2757 352 2817 de
379 2773 542 2835 pace,
565 2754 629 2815 in
650 2753 1004 2833 colloquium
1025 2752 1341 2827 veniretur,
1358 2755 1556 2835 ibique
1581 2756 1935 2817 sibiSullam
1962 2755 2247 2831 traderet,

78 2860 266 2921 quum
292 2841 466 2903 talem
490 2840 677 2899 virum
702 2840 763 2900 in
789 2846 1077 2920 potestate
1099 2840 1419 2914 habuisset,
1446 2850 1569 2901 tum
1594 2843 1738 2913 fore,
1766 2840 1849 2901 uti
1875 2840 2041 2901 iussu
2062 2840 2249 2901 Sena-

77 2936 176 2989 tus
203 2926 522 3024 populique
548 2925 799 2986 Romani
825 2926 1034 2986 foedus
1059 2926 1245 2998 fieret,
1280 2944 1471 3005 neque
1490 2926 1791 2987 hominem
1817 2925 2097 3001 nobilem,
2125 2945 2249 2990 non

77 3032 190 3076 sua
215 3012 440 3090 ignavia
465 3011 571 3071 sed
598 3010 673 3071 ob
696 3010 1158 3091 rempublicam
1142 3030 1203 3071 ιιι
1229 3012 1489 3074 hostium
1514 3018 1803 3091 potestate
1826 3012 2141 3074 relictum
2124 3013 2215 3076 iri.

216 3099 377 3178 Cap.
413 3096 610 3158 CXIII.
669 3096 827 3157 llaec
869 3097 1107 3158 Maurus
1151 3115 1351 3158 secum
1403 3097 1532 3180 ipse
1574 3097 1672 3158 diu
1722 3098 1963 3158 volvens
2005 3100 2249 3161 tandem

84 3184 372 3266 promisit,
389 3191 648 3244 ceterum
668 3182 804 3243 dolo
825 3201 898 3243 an
916 3201 1070 3255 vere,
1090 3202 1296 3262 parum
1316 3184 1726 3262 comperimus,
1767 3184 1882 3243 Sed
1900 3184 2249 3265 plerumque

84 3268 279 3349 regiae
306 3268 651 3342 voluntateS,
677 3267 760 3329 uti
782 3230 1179 3344 vehemeiites,
1210 3269 1294 3329 sic
1314 3269 1581 3342 mobileS‚
1608 3286 1787 3349 saepe
1810 3268 1974 3348 ipsae
2004 3271 2115 3332 sibi
2140 3271 2248 3332 ad-

85 3374 314 3417 vorsae.
367 3358 581 3417 Postea
616 3362 885 3433 tempore
922 3360 980 3415 et
1013 3355 1143 3415 loco
1187 3355 1531 3427 constituto,
1565 3356 1626 3415 in
1668 3355 2017 3435 colloquium
2055 3356 2140 3417 uti
2170 3357 2245 3417 de

87 3460 234 3523 pace
272 3440 580 3517 veniretur,
615 3441 887 3502 Bocchus
924 3440 1143 3501 Sullam
1184 3441 1390 3513 modo,
1429 3441 1607 3501 modo
1645 3442 1955 3520 iugurthae
1989 3442 2245 3520 legatum

34 3590 36 3599 ,
88 3528 399 3607 appellare,
421 3527 676 3607 benigne
695 3526 930 3603 habere,
955 3527 1111 3590 idem
1131 3526 1419 3591 ambobus
1443 3528 1724 3610 polliceri.
1768 3529 1854 3591 llli
1873 3527 2092 3608 pariter
2110 3528 2247 3591 laeti
