<?xml version="1.0" encoding="UTF-8"?>
<!DOCTYPE html PUBLIC "-//W3C//DTD XHTML 1.0 Transitional//EN"
    "http://www.w3.org/TR/xhtml1/DTD/xhtml1-transitional.dtd">
<html xmlns="http://www.w3.org/1999/xhtml" xml:lang="en" lang="en">
 <head>
  <title>
</title>
<meta http-equiv="Content-Type" content="text/html;charset=utf-8" />
  <meta name='ocr-system' content='tesseract 3.04.00' />
  <meta name='ocr-capabilities' content='ocr_page ocr_carea ocr_par ocr_line ocrx_word'/>
</head>
<body>
  <div class='ocr_page' id='page_1' title='image "./csallustiicrisp00kochgoog_0083.png"; bbox 0 0 2400 3900; ppageno 0'>
   <div class='ocr_carea' id='block_1_1' title="bbox 638 87 2244 154">
    <p class='ocr_par' dir='ltr' id='par_1_1' title="bbox 638 87 2244 154">
     <span class='ocr_line' id='line_1_1' title="bbox 638 87 2244 154; baseline 0.001 -3"><span class='ocrx_word' id='word_1_1' title='bbox 638 90 850 152; x_wconf 89' lang='lat' dir='ltr'><strong>BELL.</strong></span> <span class='ocrx_word' id='word_1_2' title='bbox 897 87 1252 151; x_wconf 83' lang='lat' dir='ltr'><strong>IUGURTH.</strong></span> <span class='ocrx_word' id='word_1_3' title='bbox 1299 109 1350 154; x_wconf 87' lang='lat' dir='ltr'><strong>c.</strong></span> <span class='ocrx_word' id='word_1_4' title='bbox 1383 87 1466 148; x_wconf 87' lang='lat'><strong>77</strong></span> <span class='ocrx_word' id='word_1_5' title='bbox 1481 121 1560 134; x_wconf 93' lang='lat'><em>-</em></span> <span class='ocrx_word' id='word_1_6' title='bbox 1581 88 1680 152; x_wconf 80' lang='lat'><strong>81.</strong></span> <span class='ocrx_word' id='word_1_7' title='bbox 1862 90 1876 98; x_wconf 44' lang='lat'><em>⁵</em></span> <span class='ocrx_word' id='word_1_8' title='bbox 2163 92 2244 152; x_wconf 80' lang='lat'><strong>75</strong></span> 
     </span>
    </p>
   </div>
   <div class='ocr_carea' id='block_1_2' title="bbox 4 207 2260 3695">
    <p class='ocr_par' dir='ltr' id='par_1_2' title="bbox 56 207 2212 306">
     <span class='ocr_line' id='line_1_2' title="bbox 56 207 2212 306; baseline 0.001 -37"><span class='ocrx_word' id='word_1_9' title='bbox 56 209 221 271; x_wconf 88' lang='lat' dir='ltr'><strong>Nam</strong></span> <span class='ocrx_word' id='word_1_10' title='bbox 244 207 343 269; x_wconf 88' lang='lat' dir='ltr'><strong>ubi</strong></span> <span class='ocrx_word' id='word_1_11' title='bbox 368 216 475 287; x_wconf 81' lang='lat' dir='ltr'><strong>per</strong></span> <span class='ocrx_word' id='word_1_12' title='bbox 505 208 636 269; x_wconf 91' lang='lat' dir='ltr'><strong>loca</strong></span> <span class='ocrx_word' id='word_1_13' title='bbox 658 207 921 288; x_wconf 88' lang='lat' dir='ltr'><strong>aequalia</strong></span> <span class='ocrx_word' id='word_1_14' title='bbox 944 215 1003 269; x_wconf 91' lang='lat' dir='ltr'><strong>et</strong></span> <span class='ocrx_word' id='word_1_15' title='bbox 1026 209 1183 268; x_wconf 88' lang='lat' dir='ltr'><strong>nuda</strong></span> <span class='ocrx_word' id='word_1_16' title='bbox 1200 209 1574 306; x_wconf 84' lang='lat' dir='ltr'><strong>gignentium</strong></span> <span class='ocrx_word' id='word_1_17' title='bbox 1607 219 1814 272; x_wconf 66' lang='lat' dir='ltr'><strong>ventus</strong></span> <span class='ocrx_word' id='word_1_18' title='bbox 1847 220 2086 272; x_wconf 84' lang='lat' dir='ltr'><strong>coortus</strong></span> <span class='ocrx_word' id='word_1_19' title='bbox 2112 229 2212 272; x_wconf 89' lang='lat' dir='ltr'><strong>are</strong></span> 
     </span>
    </p>

    <p class='ocr_par' dir='ltr' id='par_1_3' title="bbox 4 294 2244 382">
     <span class='ocr_line' id='line_1_3' title="bbox 4 294 2244 382; baseline 0.001 -26"><span class='ocrx_word' id='word_1_20' title='bbox 4 368 6 373; x_wconf 34' lang='lat'>‚</span> <span class='ocrx_word' id='word_1_21' title='bbox 54 313 208 357; x_wconf 89' lang='lat' dir='ltr'><strong>nam</strong></span> <span class='ocrx_word' id='word_1_22' title='bbox 240 295 422 355; x_wconf 89' lang='lat' dir='ltr'><strong>humo</strong></span> <span class='ocrx_word' id='word_1_23' title='bbox 464 295 749 367; x_wconf 83' lang='lat' dir='ltr'><strong>excitavit,</strong></span> <span class='ocrx_word' id='word_1_24' title='bbox 786 313 873 368; x_wconf 91' lang='lat' dir='ltr'><strong>ea,</strong></span> <span class='ocrx_word' id='word_1_25' title='bbox 916 313 1122 373; x_wconf 88' lang='lat' dir='ltr'><strong>magna</strong></span> <span class='ocrx_word' id='word_1_26' title='bbox 1161 294 1216 365; x_wconf 86' lang='lat' dir='ltr'><strong>vi</strong></span> <span class='ocrx_word' id='word_1_27' title='bbox 1254 295 1484 372; x_wconf 88' lang='lat' dir='ltr'><strong>agitata</strong></span> <span class='ocrx_word' id='word_1_28' title='bbox 1519 313 1620 355; x_wconf 89' lang='lat' dir='ltr'><strong>ora</strong></span> <span class='ocrx_word' id='word_1_29' title='bbox 1653 299 1970 376; x_wconf 86' lang='lat' dir='ltr'><strong>oculosque</strong></span> <span class='ocrx_word' id='word_1_30' title='bbox 1995 297 2244 382; x_wconf 85' lang='lat' dir='ltr'><strong>implere</strong></span> 
     </span>
    </p>

    <p class='ocr_par' dir='ltr' id='par_1_4' title="bbox 4 380 2251 1305">
     <span class='ocr_line' id='line_1_4' title="bbox 4 380 2244 463; baseline 0.001 -21"><span class='ocrx_word' id='word_1_31' title='bbox 4 382 6 387; x_wconf 81' lang='grc'><strong>’</strong></span> <span class='ocrx_word' id='word_1_32' title='bbox 54 381 251 455; x_wconf 87' lang='lat' dir='ltr'><strong>solet,</strong></span> <span class='ocrx_word' id='word_1_33' title='bbox 288 381 367 440; x_wconf 88' lang='lat' dir='ltr'><strong>ita</strong></span> <span class='ocrx_word' id='word_1_34' title='bbox 403 391 724 461; x_wconf 88' lang='lat' dir='ltr'><strong>prospectu</strong></span> <span class='ocrx_word' id='word_1_35' title='bbox 764 380 1047 459; x_wconf 87' lang='lat' dir='ltr'><strong>impedito</strong></span> <span class='ocrx_word' id='word_1_36' title='bbox 1083 381 1297 440; x_wconf 90' lang='lat' dir='ltr'><strong>morari</strong></span> <span class='ocrx_word' id='word_1_37' title='bbox 1331 381 1460 441; x_wconf 88' lang='lat' dir='ltr'><strong>iter.</strong></span> <span class='ocrx_word' id='word_1_38' title='bbox 1526 382 1840 460; x_wconf 86' lang='lat' dir='ltr'><strong>Postquam</strong></span> <span class='ocrx_word' id='word_1_39' title='bbox 1877 385 2244 463; x_wconf 81' lang='lat' dir='ltr'>Cyrenenses</span> 
     </span>
     <span class='ocr_line' id='line_1_5' title="bbox 56 466 2246 566; baseline 0.001 -38"><span class='ocrx_word' id='word_1_40' title='bbox 56 467 364 547; x_wconf 87' lang='lat' dir='ltr'><strong>aliquanto</strong></span> <span class='ocrx_word' id='word_1_41' title='bbox 400 467 761 566; x_wconf 80' lang='lat' dir='ltr'><strong>posteriores</strong></span> <span class='ocrx_word' id='word_1_42' title='bbox 802 486 868 527; x_wconf 88' lang='lat' dir='ltr'><strong>se</strong></span> <span class='ocrx_word' id='word_1_43' title='bbox 894 467 1095 528; x_wconf 82' lang='lat' dir='ltr'><strong>vident</strong></span> <span class='ocrx_word' id='word_1_44' title='bbox 1120 472 1179 526; x_wconf 86' lang='lat' dir='ltr'><strong>et</strong></span> <span class='ocrx_word' id='word_1_45' title='bbox 1211 466 1288 527; x_wconf 89' lang='lat' dir='ltr'><strong>ob</strong></span> <span class='ocrx_word' id='word_1_46' title='bbox 1313 485 1439 528; x_wconf 90' lang='lat' dir='ltr'><strong>rem</strong></span> <span class='ocrx_word' id='word_1_47' title='bbox 1467 478 1798 546; x_wconf 78' lang='lat' dir='ltr'>corruptam</span> <span class='ocrx_word' id='word_1_48' title='bbox 1834 471 1994 531; x_wconf 92' lang='lat' dir='ltr'><strong>domi</strong></span> <span class='ocrx_word' id='word_1_49' title='bbox 2016 488 2246 549; x_wconf 85' lang='lat' dir='ltr'><strong>poenas</strong></span> 
     </span>
     <span class='ocr_line' id='line_1_6' title="bbox 56 553 2244 635; baseline 0 -19"><span class='ocrx_word' id='word_1_50' title='bbox 56 562 361 626; x_wconf 83' lang='lat' dir='ltr'><strong>metuunt,</strong></span> <span class='ocrx_word' id='word_1_51' title='bbox 400 553 713 626; x_wconf 85' lang='lat' dir='ltr'><strong>criminari,</strong></span> <span class='ocrx_word' id='word_1_52' title='bbox 744 553 1256 631; x_wconf 75' lang='lat' dir='ltr'><strong>Carthaginienses</strong></span> <span class='ocrx_word' id='word_1_53' title='bbox 1293 560 1428 614; x_wconf 89' lang='lat' dir='ltr'><strong>ante</strong></span> <span class='ocrx_word' id='word_1_54' title='bbox 1465 559 1702 632; x_wconf 76' lang='lat' dir='ltr'><strong>tempus</strong></span> <span class='ocrx_word' id='word_1_55' title='bbox 1741 556 1918 616; x_wconf 92' lang='lat' dir='ltr'><strong>domo</strong></span> <span class='ocrx_word' id='word_1_56' title='bbox 1945 556 2244 635; x_wconf 85' lang='lat' dir='ltr'><strong>digressos</strong></span> 
     </span>
     <span class='ocr_line' id='line_1_7' title="bbox 59 638 2246 722; baseline 0.001 -21"><span class='ocrx_word' id='word_1_57' title='bbox 59 639 426 701; x_wconf 82' lang='lat' dir='ltr'><strong>conturbare</strong></span> <span class='ocrx_word' id='word_1_58' title='bbox 462 659 608 714; x_wconf 88' lang='lat' dir='ltr'><strong>rem,</strong></span> <span class='ocrx_word' id='word_1_59' title='bbox 638 639 895 718; x_wconf 84' lang='lat' dir='ltr'><strong>denique</strong></span> <span class='ocrx_word' id='word_1_60' title='bbox 918 638 1113 699; x_wconf 86' lang='lat' dir='ltr'><strong>omnia</strong></span> <span class='ocrx_word' id='word_1_61' title='bbox 1139 638 1312 699; x_wconf 88' lang='lat' dir='ltr'><strong>malle</strong></span> <span class='ocrx_word' id='word_1_62' title='bbox 1339 658 1513 718; x_wconf 89' lang='lat' dir='ltr'><strong>quam</strong></span> <span class='ocrx_word' id='word_1_63' title='bbox 1539 639 1675 700; x_wconf 86' lang='lat' dir='ltr'><strong>victi</strong></span> <span class='ocrx_word' id='word_1_64' title='bbox 1698 639 1877 701; x_wconf 83' lang='lat' dir='ltr'><strong>abire.</strong></span> <span class='ocrx_word' id='word_1_65' title='bbox 1924 643 2041 703; x_wconf 91' lang='lat' dir='ltr'><strong>Sed</strong></span> <span class='ocrx_word' id='word_1_66' title='bbox 2061 661 2246 722; x_wconf 90' lang='lat' dir='ltr'><strong>quum</strong></span> 
     </span>
     <span class='ocr_line' id='line_1_8' title="bbox 52 725 2246 804; baseline 0 -17"><span class='ocrx_word' id='word_1_67' title='bbox 52 725 254 788; x_wconf 88' lang='lat' dir='ltr'><strong>Poeni</strong></span> <span class='ocrx_word' id='word_1_68' title='bbox 288 725 457 786; x_wconf 82' lang='lat' dir='ltr'><strong>aliam</strong></span> <span class='ocrx_word' id='word_1_69' title='bbox 500 725 923 799; x_wconf 90' lang='lat' dir='ltr'><strong>conditionem,</strong></span> <span class='ocrx_word' id='word_1_70' title='bbox 965 726 1378 786; x_wconf 88' lang='lat' dir='ltr'><strong>tantummodo</strong></span> <span class='ocrx_word' id='word_1_71' title='bbox 1413 743 1680 804; x_wconf 89' lang='lat' dir='ltr'><strong>aequam,</strong></span> <span class='ocrx_word' id='word_1_72' title='bbox 1717 735 2004 804; x_wconf 85' lang='lat' dir='ltr'><strong>peterent,</strong></span> <span class='ocrx_word' id='word_1_73' title='bbox 2040 727 2246 789; x_wconf 87' lang='lat' dir='ltr'><strong>Graeci</strong></span> 
     </span>
     <span class='ocr_line' id='line_1_9' title="bbox 56 811 2244 909; baseline 0 -35"><span class='ocrx_word' id='word_1_74' title='bbox 56 811 371 892; x_wconf 85' lang='lat' dir='ltr'><strong>optionem</strong></span> <span class='ocrx_word' id='word_1_75' title='bbox 394 811 957 909; x_wconf 80' lang='lat' dir='ltr'><strong>Carthaginiensium</strong></span> <span class='ocrx_word' id='word_1_76' title='bbox 980 811 1215 885; x_wconf 89' lang='lat' dir='ltr'><strong>faciunt,</strong></span> <span class='ocrx_word' id='word_1_77' title='bbox 1243 821 1308 872; x_wconf 88' lang='lat' dir='ltr'><strong>ut</strong></span> <span class='ocrx_word' id='word_1_78' title='bbox 1333 812 1426 872; x_wconf 87' lang='lat' dir='ltr'><strong>vel</strong></span> <span class='ocrx_word' id='word_1_79' title='bbox 1448 812 1544 884; x_wconf 86' lang='lat' dir='ltr'><strong>illi,</strong></span> <span class='ocrx_word' id='word_1_80' title='bbox 1565 831 1717 891; x_wconf 90' lang='lat' dir='ltr'><strong>quos</strong></span> <span class='ocrx_word' id='word_1_81' title='bbox 1737 812 1870 872; x_wconf 86' lang='lat' dir='ltr'><strong>finis</strong></span> <span class='ocrx_word' id='word_1_82' title='bbox 1891 815 2126 892; x_wconf 88' lang='lat' dir='ltr'><strong>populo</strong></span> <span class='ocrx_word' id='word_1_83' title='bbox 2133 833 2244 875; x_wconf 89' lang='lat' dir='ltr'><strong>suo</strong></span> 
     </span>
     <span class='ocr_line' id='line_1_10' title="bbox 52 895 2246 979; baseline 0 -20"><span class='ocrx_word' id='word_1_84' title='bbox 52 905 361 979; x_wconf 88' lang='lat' dir='ltr'><strong>peterent,</strong></span> <span class='ocrx_word' id='word_1_85' title='bbox 397 895 478 958; x_wconf 89' lang='lat' dir='ltr'><strong>ibi</strong></span> <span class='ocrx_word' id='word_1_86' title='bbox 509 897 623 958; x_wconf 85' lang='lat' dir='ltr'><strong>vivi</strong></span> <span class='ocrx_word' id='word_1_87' title='bbox 660 897 1065 972; x_wconf 85' lang='lat' dir='ltr'><strong>obruerentur,</strong></span> <span class='ocrx_word' id='word_1_88' title='bbox 1096 899 1183 958; x_wconf 87' lang='lat' dir='ltr'><strong>vel</strong></span> <span class='ocrx_word' id='word_1_89' title='bbox 1213 899 1417 959; x_wconf 86' lang='lat' dir='ltr'><strong>eadem</strong></span> <span class='ocrx_word' id='word_1_90' title='bbox 1444 898 1783 961; x_wconf 84' lang='lat' dir='ltr'><strong>conditione</strong></span> <span class='ocrx_word' id='word_1_91' title='bbox 1809 915 1965 971; x_wconf 88' lang='lat' dir='ltr'><strong>sese,</strong></span> <span class='ocrx_word' id='word_1_92' title='bbox 1988 916 2160 978; x_wconf 89' lang='lat' dir='ltr'><strong>quem</strong></span> <span class='ocrx_word' id='word_1_93' title='bbox 2183 900 2246 959; x_wconf 89' lang='lat' dir='ltr'><strong>in</strong></span> 
     </span>
     <span class='ocr_line' id='line_1_11' title="bbox 55 981 2249 1066; baseline -0 -20"><span class='ocrx_word' id='word_1_94' title='bbox 55 986 271 1046; x_wconf 88' lang='lat' dir='ltr'><strong>locum</strong></span> <span class='ocrx_word' id='word_1_95' title='bbox 306 981 548 1058; x_wconf 86' lang='lat' dir='ltr'><strong>vellent,</strong></span> <span class='ocrx_word' id='word_1_96' title='bbox 577 1002 988 1066; x_wconf 80' lang='lat' dir='ltr'><strong>processuros,</strong></span> <span class='ocrx_word' id='word_1_97' title='bbox 1044 983 1335 1058; x_wconf 87' lang='lat' dir='ltr'><strong>Philaeni,</strong></span> <span class='ocrx_word' id='word_1_98' title='bbox 1377 985 1710 1046; x_wconf 85' lang='lat' dir='ltr'><strong>conditione</strong></span> <span class='ocrx_word' id='word_1_99' title='bbox 1752 984 2027 1064; x_wconf 88' lang='lat' dir='ltr'><strong>probata,</strong></span> <span class='ocrx_word' id='word_1_100' title='bbox 2065 1002 2249 1063; x_wconf 85' lang='lat' dir='ltr'><strong>seque</strong></span> 
     </span>
     <span class='ocr_line' id='line_1_12' title="bbox 52 1069 2251 1151; baseline -0.002 -18"><span class='ocrx_word' id='word_1_101' title='bbox 52 1071 364 1148; x_wconf 84' lang='lat' dir='ltr'><strong>vitamque</strong></span> <span class='ocrx_word' id='word_1_102' title='bbox 389 1088 558 1131; x_wconf 86' lang='lat' dir='ltr'><strong>suam</strong></span> <span class='ocrx_word' id='word_1_103' title='bbox 583 1069 940 1151; x_wconf 87' lang='lat' dir='ltr'><strong>reipublicae</strong></span> <span class='ocrx_word' id='word_1_104' title='bbox 967 1071 1408 1145; x_wconf 82' lang='lat' dir='ltr'><strong>condonavere3</strong></span> <span class='ocrx_word' id='word_1_105' title='bbox 1439 1071 1517 1130; x_wconf 90' lang='lat' dir='ltr'><strong>ita</strong></span> <span class='ocrx_word' id='word_1_106' title='bbox 1543 1071 1652 1131; x_wconf 78' lang='lat' dir='ltr'><strong>vivi</strong></span> <span class='ocrx_word' id='word_1_107' title='bbox 1683 1071 1894 1132; x_wconf 86' lang='lat' dir='ltr'><strong>obruti.</strong></span> <span class='ocrx_word' id='word_1_108' title='bbox 1947 1069 2251 1148; x_wconf 83' lang='lat' dir='ltr'><strong>Carthagi-</strong></span> 
     </span>
     <span class='ocr_line' id='line_1_13' title="bbox 58 1155 2248 1236; baseline -0.001 -16"><span class='ocrx_word' id='word_1_109' title='bbox 58 1157 313 1220; x_wconf 87' lang='lat' dir='ltr'><strong>nienses</strong></span> <span class='ocrx_word' id='word_1_110' title='bbox 352 1155 415 1216; x_wconf 88' lang='lat' dir='ltr'><strong>in</strong></span> <span class='ocrx_word' id='word_1_111' title='bbox 453 1176 523 1217; x_wconf 91' lang='lat' dir='ltr'><strong>eo</strong></span> <span class='ocrx_word' id='word_1_112' title='bbox 559 1157 692 1218; x_wconf 89' lang='lat' dir='ltr'><strong>loeo</strong></span> <span class='ocrx_word' id='word_1_113' title='bbox 730 1157 1024 1217; x_wconf 83' lang='lat' dir='ltr'><strong>Philaenis</strong></span> <span class='ocrx_word' id='word_1_114' title='bbox 1054 1156 1342 1217; x_wconf 85' lang='lat' dir='ltr'><strong>&#39;fratribus</strong></span> <span class='ocrx_word' id='word_1_115' title='bbox 1377 1174 1506 1217; x_wconf 88' lang='lat' dir='ltr'><strong>aras</strong></span> <span class='ocrx_word' id='word_1_116' title='bbox 1545 1175 1992 1231; x_wconf 84' lang='lat' dir='ltr'><strong>consecravere,</strong></span> <span class='ocrx_word' id='word_1_117' title='bbox 2039 1156 2248 1236; x_wconf 87' lang='lat' dir='ltr'><strong>aliique</strong></span> 
     </span>
     <span class='ocr_line' id='line_1_14' title="bbox 56 1241 1638 1305; baseline -0.002 0"><span class='ocrx_word' id='word_1_118' title='bbox 56 1244 181 1305; x_wconf 87' lang='lat' dir='ltr'><strong>illis</strong></span> <span class='ocrx_word' id='word_1_119' title='bbox 212 1241 371 1302; x_wconf 90' lang='lat' dir='ltr'><strong>domi</strong></span> <span class='ocrx_word' id='word_1_120' title='bbox 398 1242 659 1304; x_wconf 87' lang='lat' dir='ltr'><strong>honores</strong></span> <span class='ocrx_word' id='word_1_121' title='bbox 687 1241 955 1304; x_wconf 88' lang='lat' dir='ltr'><strong>instituti.</strong></span> <span class='ocrx_word' id='word_1_122' title='bbox 1000 1243 1169 1302; x_wconf 90' lang='lat' dir='ltr'><strong>Nunc</strong></span> <span class='ocrx_word' id='word_1_123' title='bbox 1191 1243 1262 1305; x_wconf 92' lang='lat' dir='ltr'><strong>ad</strong></span> <span class='ocrx_word' id='word_1_124' title='bbox 1287 1260 1414 1302; x_wconf 88' lang='lat' dir='ltr'><strong>rem</strong></span> <span class='ocrx_word' id='word_1_125' title='bbox 1437 1243 1638 1304; x_wconf 84' lang='lat' dir='ltr'><strong>redeo.</strong></span> 
     </span>
    </p>

    <p class='ocr_par' dir='ltr' id='par_1_5' title="bbox 59 1315 2255 1838">
     <span class='ocr_line' id='line_1_15' title="bbox 200 1315 2252 1412; baseline 0.001 -24"><span class='ocrx_word' id='word_1_126' title='bbox 200 1328 363 1412; x_wconf 89' lang='lat' dir='ltr'><strong>Cap.</strong></span> <span class='ocrx_word' id='word_1_127' title='bbox 390 1328 618 1390; x_wconf 86' lang='lat' dir='ltr'>LXXX.</span> <span class='ocrx_word' id='word_1_128' title='bbox 662 1327 943 1407; x_wconf 84' lang='lat' dir='ltr'><strong>Iugurtha</strong></span> <span class='ocrx_word' id='word_1_129' title='bbox 976 1336 1294 1408; x_wconf 87' lang='lat' dir='ltr'><strong>postquam</strong></span> <span class='ocrx_word' id='word_1_130' title='bbox 1329 1329 1542 1390; x_wconf 88' lang='lat' dir='ltr'><strong>amissa</strong></span> <span class='ocrx_word' id='word_1_131' title='bbox 1573 1315 1755 1390; x_wconf 78' lang='lat' dir='ltr'><strong>Thala</strong></span> <span class='ocrx_word' id='word_1_132' title='bbox 1789 1329 1934 1390; x_wconf 90' lang='lat' dir='ltr'><strong>nihil</strong></span> <span class='ocrx_word' id='word_1_133' title='bbox 1975 1328 2116 1390; x_wconf 88' lang='lat' dir='ltr'><strong>satis</strong></span> <span class='ocrx_word' id='word_1_134' title='bbox 2147 1327 2252 1390; x_wconf 85' lang='lat' dir='ltr'><strong>fir-</strong></span> 
     </span>
     <span class='ocr_line' id='line_1_16' title="bbox 59 1413 2252 1496; baseline -0 -19"><span class='ocrx_word' id='word_1_135' title='bbox 59 1433 230 1478; x_wconf 88' lang='lat' dir='ltr'><strong>mum</strong></span> <span class='ocrx_word' id='word_1_136' title='bbox 270 1422 475 1474; x_wconf 89' lang='lat' dir='ltr'><strong>contra</strong></span> <span class='ocrx_word' id='word_1_137' title='bbox 502 1413 801 1475; x_wconf 88' lang='lat' dir='ltr'><strong>Metellum</strong></span> <span class='ocrx_word' id='word_1_138' title='bbox 836 1420 1021 1494; x_wconf 87' lang='lat' dir='ltr'><strong>putat,</strong></span> <span class='ocrx_word' id='word_1_139' title='bbox 1065 1433 1173 1494; x_wconf 90' lang='lat' dir='ltr'><strong>per</strong></span> <span class='ocrx_word' id='word_1_140' title='bbox 1208 1431 1450 1492; x_wconf 87' lang='lat' dir='ltr'><strong>magnas</strong></span> <span class='ocrx_word' id='word_1_141' title='bbox 1489 1415 1836 1477; x_wconf 84' lang='lat' dir='ltr'><strong>solitudines</strong></span> <span class='ocrx_word' id='word_1_142' title='bbox 1875 1434 2010 1478; x_wconf 89' lang='lat' dir='ltr'><strong>cum</strong></span> <span class='ocrx_word' id='word_1_143' title='bbox 2047 1414 2252 1496; x_wconf 81' lang='lat' dir='ltr'><strong>paucis</strong></span> 
     </span>
     <span class='ocr_line' id='line_1_17' title="bbox 60 1499 2254 1588; baseline 0 -27"><span class='ocrx_word' id='word_1_144' title='bbox 60 1502 373 1588; x_wconf 83' lang='lat' dir='ltr'><strong>profectus</strong></span> <span class='ocrx_word' id='word_1_145' title='bbox 394 1500 663 1580; x_wconf 88' lang='lat' dir='ltr'><strong>pervenit</strong></span> <span class='ocrx_word' id='word_1_146' title='bbox 680 1501 753 1560; x_wconf 91' lang='lat' dir='ltr'><strong>ad</strong></span> <span class='ocrx_word' id='word_1_147' title='bbox 777 1499 1071 1574; x_wconf 78' lang='lat' dir='ltr'><strong>GaetuIOS‚</strong></span> <span class='ocrx_word' id='word_1_148' title='bbox 1102 1519 1288 1580; x_wconf 88' lang='lat' dir='ltr'><strong>genus</strong></span> <span class='ocrx_word' id='word_1_149' title='bbox 1310 1501 1619 1565; x_wconf 88' lang='lat' dir='ltr'><strong>hominum</strong></span> <span class='ocrx_word' id='word_1_150' title='bbox 1638 1503 1827 1562; x_wconf 83' lang='lat' dir='ltr'><strong>serum</strong></span> <span class='ocrx_word' id='word_1_151' title='bbox 1845 1502 2254 1580; x_wconf 87' lang='lat' dir='ltr'><strong>incultumque</strong></span> 
     </span>
     <span class='ocr_line' id='line_1_18' title="bbox 60 1585 2255 1685; baseline 0 -37"><span class='ocrx_word' id='word_1_152' title='bbox 60 1594 126 1648; x_wconf 87' lang='lat' dir='ltr'><strong>et</strong></span> <span class='ocrx_word' id='word_1_153' title='bbox 166 1606 236 1647; x_wconf 91' lang='lat' dir='ltr'><strong>eo</strong></span> <span class='ocrx_word' id='word_1_154' title='bbox 263 1594 533 1685; x_wconf 82' lang='lat' dir='ltr'><strong>tempore</strong></span> <span class='ocrx_word' id='word_1_155' title='bbox 571 1587 844 1664; x_wconf 89' lang='lat' dir='ltr'><strong>ignarum</strong></span> <span class='ocrx_word' id='word_1_156' title='bbox 878 1585 1134 1648; x_wconf 89' lang='lat' dir='ltr'><strong>nominis</strong></span> <span class='ocrx_word' id='word_1_157' title='bbox 1158 1586 1429 1648; x_wconf 90' lang='lat' dir='ltr'><strong>Romani.</strong></span> <span class='ocrx_word' id='word_1_158' title='bbox 1477 1589 1692 1647; x_wconf 90' lang='lat' dir='ltr'><strong>Eorum</strong></span> <span class='ocrx_word' id='word_1_159' title='bbox 1721 1589 2154 1650; x_wconf 83' lang='lat' dir='ltr'><strong>multitudinem</strong></span> <span class='ocrx_word' id='word_1_160' title='bbox 2192 1588 2255 1648; x_wconf 89' lang='lat' dir='ltr'><strong>in</strong></span> 
     </span>
     <span class='ocr_line' id='line_1_19' title="bbox 62 1667 2254 1759; baseline -0 -25"><span class='ocrx_word' id='word_1_161' title='bbox 62 1691 253 1734; x_wconf 90' lang='lat' dir='ltr'><strong>unum</strong></span> <span class='ocrx_word' id='word_1_162' title='bbox 293 1672 450 1752; x_wconf 83' lang='lat' dir='ltr'><strong>cogit</strong></span> <span class='ocrx_word' id='word_1_163' title='bbox 485 1691 553 1734; x_wconf 89' lang='lat' dir='ltr'><strong>ac</strong></span> <span class='ocrx_word' id='word_1_164' title='bbox 585 1673 885 1753; x_wconf 89' lang='lat' dir='ltr'><strong>paullatim</strong></span> <span class='ocrx_word' id='word_1_165' title='bbox 920 1667 1281 1733; x_wconf 82' lang='lat' dir='ltr'><strong>consuefacit</strong></span> <span class='ocrx_word' id='word_1_166' title='bbox 1317 1672 1558 1733; x_wconf 89' lang='lat' dir='ltr'><strong>ordines</strong></span> <span class='ocrx_word' id='word_1_167' title='bbox 1592 1672 1828 1747; x_wconf 86' lang='lat' dir='ltr'><strong>habere,</strong></span> <span class='ocrx_word' id='word_1_168' title='bbox 1861 1674 2032 1752; x_wconf 84' lang='lat' dir='ltr'><strong>signa</strong></span> <span class='ocrx_word' id='word_1_169' title='bbox 2067 1674 2254 1759; x_wconf 87' lang='lat' dir='ltr'><strong>sequi,</strong></span> 
     </span>
     <span class='ocr_line' id='line_1_20' title="bbox 61 1757 2253 1838; baseline -0 -19"><span class='ocrx_word' id='word_1_170' title='bbox 61 1759 383 1838; x_wconf 87' lang='lat' dir='ltr'><strong>imperium</strong></span> <span class='ocrx_word' id='word_1_171' title='bbox 427 1759 773 1833; x_wconf 88' lang='lat' dir='ltr'><strong>observare,</strong></span> <span class='ocrx_word' id='word_1_172' title='bbox 816 1761 955 1819; x_wconf 88' lang='lat' dir='ltr'><strong>item</strong></span> <span class='ocrx_word' id='word_1_173' title='bbox 1008 1758 1118 1818; x_wconf 90' lang='lat' dir='ltr'><strong>alia</strong></span> <span class='ocrx_word' id='word_1_174' title='bbox 1156 1757 1425 1820; x_wconf 90' lang='lat' dir='ltr'><strong>militaria</strong></span> <span class='ocrx_word' id='word_1_175' title='bbox 1470 1760 1681 1820; x_wconf 85' lang='lat' dir='ltr'><strong>facere.</strong></span> <span class='ocrx_word' id='word_1_176' title='bbox 1747 1759 2058 1820; x_wconf 87' lang='lat' dir='ltr'><strong>Praeterea</strong></span> <span class='ocrx_word' id='word_1_177' title='bbox 2097 1759 2253 1837; x_wconf 86' lang='lat' dir='ltr'><strong>regis</strong></span> 
     </span>
    </p>

    <p class='ocr_par' dir='ltr' id='par_1_6' title="bbox 4 1844 2260 2855">
     <span class='ocr_line' id='line_1_21' title="bbox 4 1844 2255 1925; baseline -0.001 -19"><span class='ocrx_word' id='word_1_178' title='bbox 4 1893 6 1897; x_wconf 68' lang='lat'><strong>,</strong></span> <span class='ocrx_word' id='word_1_179' title='bbox 62 1845 293 1906; x_wconf 89' lang='lat' dir='ltr'><strong>Bocchi</strong></span> <span class='ocrx_word' id='word_1_180' title='bbox 335 1861 657 1925; x_wconf 88' lang='lat' dir='ltr'><strong>proxumos</strong></span> <span class='ocrx_word' id='word_1_181' title='bbox 710 1844 943 1924; x_wconf 85' lang='lat' dir='ltr'><strong>magnis</strong></span> <span class='ocrx_word' id='word_1_182' title='bbox 982 1844 1328 1906; x_wconf 90' lang='lat' dir='ltr'><strong>muneribus</strong></span> <span class='ocrx_word' id='word_1_183' title='bbox 1371 1850 1429 1904; x_wconf 90' lang='lat' dir='ltr'><strong>et</strong></span> <span class='ocrx_word' id='word_1_184' title='bbox 1472 1844 1793 1906; x_wconf 90' lang='lat' dir='ltr'><strong>maioribus</strong></span> <span class='ocrx_word' id='word_1_185' title='bbox 1832 1845 2141 1924; x_wconf 87' lang='lat' dir='ltr'><strong>promissis</strong></span> <span class='ocrx_word' id='word_1_186' title='bbox 2179 1844 2255 1904; x_wconf 90' lang='lat' dir='ltr'><strong>ad</strong></span> 
     </span>
     <span class='ocr_line' id='line_1_22' title="bbox 63 1929 2254 2012; baseline -0.001 -19"><span class='ocrx_word' id='word_1_187' title='bbox 63 1930 331 1993; x_wconf 90' lang='lat' dir='ltr'><strong>studium</strong></span> <span class='ocrx_word' id='word_1_188' title='bbox 368 1929 458 1993; x_wconf 89' lang='lat' dir='ltr'><strong>sui</strong></span> <span class='ocrx_word' id='word_1_189' title='bbox 493 1930 799 2011; x_wconf 83' lang='lat' dir='ltr'><strong>perducit3</strong></span> <span class='ocrx_word' id='word_1_190' title='bbox 838 1931 970 2011; x_wconf 89' lang='lat' dir='ltr'><strong>quis</strong></span> <span class='ocrx_word' id='word_1_191' title='bbox 1007 1931 1376 1993; x_wconf 88' lang='lat' dir='ltr'><strong>adiutoribus</strong></span> <span class='ocrx_word' id='word_1_192' title='bbox 1413 1950 1613 2011; x_wconf 83' lang='lat' dir='ltr'><strong>regem</strong></span> <span class='ocrx_word' id='word_1_193' title='bbox 1647 1951 1965 2011; x_wconf 84' lang='lat' dir='ltr'><strong>aggressus</strong></span> <span class='ocrx_word' id='word_1_194' title='bbox 1991 1931 2254 2012; x_wconf 86' lang='lat' dir='ltr'><strong>impellit,</strong></span> 
     </span>
     <span class='ocr_line' id='line_1_23' title="bbox 60 2016 2256 2099; baseline -0.002 -18"><span class='ocrx_word' id='word_1_195' title='bbox 60 2017 156 2081; x_wconf 92' lang='lat' dir='ltr'><strong>uti</strong></span> <span class='ocrx_word' id='word_1_196' title='bbox 194 2017 480 2078; x_wconf 87' lang='lat' dir='ltr'><strong>advorsus</strong></span> <span class='ocrx_word' id='word_1_197' title='bbox 506 2018 808 2079; x_wconf 89' lang='lat' dir='ltr'><strong>Romanos</strong></span> <span class='ocrx_word' id='word_1_198' title='bbox 842 2016 1060 2079; x_wconf 87' lang='lat' dir='ltr'><strong>bellum</strong></span> <span class='ocrx_word' id='word_1_199' title='bbox 1101 2018 1358 2099; x_wconf 89' lang='lat' dir='ltr'><strong>incipiat.</strong></span> <span class='ocrx_word' id='word_1_200' title='bbox 1404 2018 1470 2079; x_wconf 90' lang='lat' dir='ltr'><strong>Id</strong></span> <span class='ocrx_word' id='word_1_201' title='bbox 1514 2038 1580 2078; x_wconf 90' lang='lat' dir='ltr'><strong>ea</strong></span> <span class='ocrx_word' id='word_1_202' title='bbox 1619 2018 1800 2097; x_wconf 82' lang='lat' dir='ltr'><strong>gratia</strong></span> <span class='ocrx_word' id='word_1_203' title='bbox 1845 2017 2072 2080; x_wconf 80' lang='lat' dir='ltr'><strong>&#39;facilius</strong></span> <span class='ocrx_word' id='word_1_204' title='bbox 2115 2035 2256 2097; x_wconf 88' lang='lat' dir='ltr'><strong>pro-</strong></span> 
     </span>
     <span class='ocr_line' id='line_1_24' title="bbox 62 2102 2256 2185; baseline -0 -20"><span class='ocrx_word' id='word_1_205' title='bbox 62 2104 324 2183; x_wconf 87' lang='lat' dir='ltr'><strong>niusque</strong></span> <span class='ocrx_word' id='word_1_206' title='bbox 351 2103 473 2177; x_wconf 82' lang='lat' dir='ltr'><strong>suit,</strong></span> <span class='ocrx_word' id='word_1_207' title='bbox 511 2105 673 2185; x_wconf 87' lang='lat' dir='ltr'><strong>quod</strong></span> <span class='ocrx_word' id='word_1_208' title='bbox 698 2104 969 2166; x_wconf 90' lang='lat' dir='ltr'><strong>Bocchus</strong></span> <span class='ocrx_word' id='word_1_209' title='bbox 993 2104 1158 2165; x_wconf 90' lang='lat' dir='ltr'><strong>initio</strong></span> <span class='ocrx_word' id='word_1_210' title='bbox 1185 2102 1430 2166; x_wconf 87' lang='lat' dir='ltr'><strong>huiusce</strong></span> <span class='ocrx_word' id='word_1_211' title='bbox 1459 2105 1595 2165; x_wconf 87' lang='lat' dir='ltr'><strong>belli</strong></span> <span class='ocrx_word' id='word_1_212' title='bbox 1621 2105 1842 2183; x_wconf 86' lang='lat' dir='ltr'><strong>legatos</strong></span> <span class='ocrx_word' id='word_1_213' title='bbox 1870 2106 2114 2166; x_wconf 89' lang='lat' dir='ltr'><strong>Romam</strong></span> <span class='ocrx_word' id='word_1_214' title='bbox 2143 2104 2256 2165; x_wconf 89' lang='lat' dir='ltr'><strong>mi-</strong></span> 
     </span>
     <span class='ocr_line' id='line_1_25' title="bbox 64 2189 2253 2270; baseline -0.001 -19"><span class='ocrx_word' id='word_1_215' title='bbox 64 2199 229 2251; x_wconf 86' lang='lat' dir='ltr'><strong>serat</strong></span> <span class='ocrx_word' id='word_1_216' title='bbox 267 2190 479 2251; x_wconf 82' lang='lat' dir='ltr'><strong>soedus</strong></span> <span class='ocrx_word' id='word_1_217' title='bbox 514 2200 573 2252; x_wconf 92' lang='lat' dir='ltr'><strong>et</strong></span> <span class='ocrx_word' id='word_1_218' title='bbox 610 2189 920 2252; x_wconf 87' lang='lat' dir='ltr'><strong>amicitiam</strong></span> <span class='ocrx_word' id='word_1_219' title='bbox 955 2191 1231 2269; x_wconf 87' lang='lat' dir='ltr'><strong>petitum,</strong></span> <span class='ocrx_word' id='word_1_220' title='bbox 1275 2210 1450 2270; x_wconf 91' lang='lat' dir='ltr'><strong>quam</strong></span> <span class='ocrx_word' id='word_1_221' title='bbox 1492 2209 1617 2251; x_wconf 88' lang='lat' dir='ltr'><strong>rem</strong></span> <span class='ocrx_word' id='word_1_222' title='bbox 1670 2192 2253 2269; x_wconf 85' lang='lat' dir='ltr'><strong>opportunissumam</strong></span> 
     </span>
     <span class='ocr_line' id='line_1_26' title="bbox 62 2276 2255 2356; baseline -0.001 -18"><span class='ocrx_word' id='word_1_223' title='bbox 62 2278 307 2356; x_wconf 87' lang='lat' dir='ltr'><strong>incepto</strong></span> <span class='ocrx_word' id='word_1_224' title='bbox 341 2276 495 2336; x_wconf 90' lang='lat' dir='ltr'><strong>bello</strong></span> <span class='ocrx_word' id='word_1_225' title='bbox 528 2276 699 2355; x_wconf 91' lang='lat' dir='ltr'><strong>pauci</strong></span> <span class='ocrx_word' id='word_1_226' title='bbox 729 2276 1156 2355; x_wconf 86' lang='lat' dir='ltr'><strong>impediverant</strong></span> <span class='ocrx_word' id='word_1_227' title='bbox 1176 2276 1334 2337; x_wconf 89' lang='lat' dir='ltr'><strong>caeci</strong></span> <span class='ocrx_word' id='word_1_228' title='bbox 1355 2276 1609 2349; x_wconf 87' lang='lat' dir='ltr'><strong>avaritia,</strong></span> <span class='ocrx_word' id='word_1_229' title='bbox 1635 2278 1764 2354; x_wconf 91' lang='lat' dir='ltr'><strong>quis</strong></span> <span class='ocrx_word' id='word_1_230' title='bbox 1794 2277 1986 2336; x_wconf 89' lang='lat' dir='ltr'><strong>omnia</strong></span> <span class='ocrx_word' id='word_1_231' title='bbox 2002 2276 2255 2336; x_wconf 88' lang='lat' dir='ltr'><strong>honesta</strong></span> 
     </span>
     <span class='ocr_line' id='line_1_27' title="bbox 63 2358 2255 2441; baseline -0.001 -18"><span class='ocrx_word' id='word_1_232' title='bbox 63 2373 245 2441; x_wconf 88' lang='lat' dir='ltr'><strong>atque</strong></span> <span class='ocrx_word' id='word_1_233' title='bbox 286 2361 603 2422; x_wconf 89' lang='lat' dir='ltr'><strong>inhonesta</strong></span> <span class='ocrx_word' id='word_1_234' title='bbox 642 2358 909 2424; x_wconf 71' lang='lat' dir='ltr'><strong>&#39;vendere</strong></span> <span class='ocrx_word' id='word_1_235' title='bbox 950 2382 1081 2422; x_wconf 90' lang='lat' dir='ltr'><strong>mos</strong></span> <span class='ocrx_word' id='word_1_236' title='bbox 1128 2370 1270 2423; x_wconf 84' lang='lat' dir='ltr'><strong>erat.</strong></span> <span class='ocrx_word' id='word_1_237' title='bbox 1329 2362 1514 2422; x_wconf 89' lang='lat' dir='ltr'><strong>Etiam</strong></span> <span class='ocrx_word' id='word_1_238' title='bbox 1563 2366 1735 2421; x_wconf 80' lang='lat' dir='ltr'><strong>antea</strong></span> <span class='ocrx_word' id='word_1_239' title='bbox 1783 2362 2095 2440; x_wconf 86' lang='lat' dir='ltr'><strong>Iugurthae</strong></span> <span class='ocrx_word' id='word_1_240' title='bbox 2139 2362 2255 2422; x_wconf 87' lang='lat' dir='ltr'><strong>filia</strong></span> 
     </span>
     <span class='ocr_line' id='line_1_28' title="bbox 64 2446 2256 2526; baseline -0.001 -16"><span class='ocrx_word' id='word_1_241' title='bbox 64 2446 295 2510; x_wconf 91' lang='lat' dir='ltr'><strong>Bocchi</strong></span> <span class='ocrx_word' id='word_1_242' title='bbox 325 2456 627 2526; x_wconf 88' lang='lat' dir='ltr'><strong>nupserat.</strong></span> <span class='ocrx_word' id='word_1_243' title='bbox 668 2449 887 2509; x_wconf 86' lang='lat' dir='ltr'><strong>Verum</strong></span> <span class='ocrx_word' id='word_1_244' title='bbox 914 2466 980 2507; x_wconf 87' lang='lat' dir='ltr'><strong>ea</strong></span> <span class='ocrx_word' id='word_1_245' title='bbox 1004 2448 1386 2509; x_wconf 87' lang='lat' dir='ltr'><strong>necessitudo</strong></span> <span class='ocrx_word' id='word_1_246' title='bbox 1411 2447 1567 2525; x_wconf 90' lang='lat' dir='ltr'><strong>apud</strong></span> <span class='ocrx_word' id='word_1_247' title='bbox 1591 2447 1874 2509; x_wconf 89' lang='lat' dir='ltr'><strong>Numidas</strong></span> <span class='ocrx_word' id='word_1_248' title='bbox 1901 2450 2256 2526; x_wconf 88' lang='lat' dir='ltr'><strong>Maurosque</strong></span> 
     </span>
     <span class='ocr_line' id='line_1_29' title="bbox 67 2532 2258 2624; baseline -0.002 -27"><span class='ocrx_word' id='word_1_249' title='bbox 67 2534 218 2597; x_wconf 85' lang='lat' dir='ltr'><strong>levis</strong></span> <span class='ocrx_word' id='word_1_250' title='bbox 259 2534 523 2609; x_wconf 87' lang='lat' dir='ltr'><strong>ducitur,</strong></span> <span class='ocrx_word' id='word_1_251' title='bbox 567 2533 700 2614; x_wconf 89' lang='lat' dir='ltr'><strong>quia</strong></span> <span class='ocrx_word' id='word_1_252' title='bbox 750 2534 993 2612; x_wconf 81' lang='lat' dir='ltr'><strong>singuli,</strong></span> <span class='ocrx_word' id='word_1_253' title='bbox 1030 2554 1139 2615; x_wconf 90' lang='lat' dir='ltr'><strong>pro</strong></span> <span class='ocrx_word' id='word_1_254' title='bbox 1183 2532 1396 2613; x_wconf 86' lang='lat' dir='ltr'><strong>opibus</strong></span> <span class='ocrx_word' id='word_1_255' title='bbox 1440 2533 1716 2613; x_wconf 74' lang='lat' dir='ltr'><strong>quisque,</strong></span> <span class='ocrx_word' id='word_1_256' title='bbox 1761 2552 1936 2613; x_wconf 88' lang='lat' dir='ltr'><strong>quam</strong></span> <span class='ocrx_word' id='word_1_257' title='bbox 1975 2533 2258 2624; x_wconf 76' lang='lat' dir='ltr'><strong>plurimas</strong></span> 
     </span>
     <span class='ocr_line' id='line_1_30' title="bbox 67 2581 2258 2700; baseline -0.002 -17"><span class='ocrx_word' id='word_1_258' title='bbox 67 2638 309 2694; x_wconf 80' lang='lat' dir='ltr'><strong>uxoreS‚</strong></span> <span class='ocrx_word' id='word_1_259' title='bbox 353 2581 535 2681; x_wconf 81' lang='lat' dir='ltr'><strong>denas</strong></span> <span class='ocrx_word' id='word_1_260' title='bbox 577 2620 687 2697; x_wconf 88' lang='lat' dir='ltr'><strong>alii,</strong></span> <span class='ocrx_word' id='word_1_261' title='bbox 734 2620 827 2681; x_wconf 88' lang='lat' dir='ltr'><strong>alii</strong></span> <span class='ocrx_word' id='word_1_262' title='bbox 864 2620 1063 2699; x_wconf 89' lang='lat' dir='ltr'><strong>plures</strong></span> <span class='ocrx_word' id='word_1_263' title='bbox 1100 2620 1350 2695; x_wconf 82' lang='lat' dir='ltr'><strong>hahent3</strong></span> <span class='ocrx_word' id='word_1_264' title='bbox 1392 2620 1497 2680; x_wconf 89' lang='lat' dir='ltr'><strong>sed</strong></span> <span class='ocrx_word' id='word_1_265' title='bbox 1535 2638 1705 2699; x_wconf 89' lang='lat' dir='ltr'><strong>reges</strong></span> <span class='ocrx_word' id='word_1_266' title='bbox 1750 2638 1822 2681; x_wconf 88' lang='lat' dir='ltr'><strong>eo</strong></span> <span class='ocrx_word' id='word_1_267' title='bbox 1854 2619 2124 2700; x_wconf 85' lang='lat' dir='ltr'><strong>amplius.</strong></span> <span class='ocrx_word' id='word_1_268' title='bbox 2173 2609 2258 2679; x_wconf 85' lang='lat' dir='ltr'><strong>lta</strong></span> 
     </span>
     <span class='ocr_line' id='line_1_31' title="bbox 68 2699 2260 2787; baseline -0.002 -18"><span class='ocrx_word' id='word_1_269' title='bbox 68 2708 307 2769; x_wconf 90' lang='lat' dir='ltr'><strong>animus</strong></span> <span class='ocrx_word' id='word_1_270' title='bbox 346 2705 717 2769; x_wconf 88' lang='lat' dir='ltr'><strong>multitudine</strong></span> <span class='ocrx_word' id='word_1_271' title='bbox 754 2706 1125 2781; x_wconf 87' lang='lat' dir='ltr'><strong>distrahitur,</strong></span> <span class='ocrx_word' id='word_1_272' title='bbox 1166 2699 1385 2769; x_wconf 89' lang='lat' dir='ltr'><strong>nullam</strong></span> <span class='ocrx_word' id='word_1_273' title='bbox 1421 2724 1528 2787; x_wconf 88' lang='lat' dir='ltr'><strong>pro</strong></span> <span class='ocrx_word' id='word_1_274' title='bbox 1566 2706 1724 2767; x_wconf 91' lang='lat' dir='ltr'><strong>socia</strong></span> <span class='ocrx_word' id='word_1_275' title='bbox 1760 2706 2004 2779; x_wconf 88' lang='lat' dir='ltr'><strong>obtinet,</strong></span> <span class='ocrx_word' id='word_1_276' title='bbox 2039 2705 2260 2785; x_wconf 85' lang='lat' dir='ltr'><strong>pariter</strong></span> 
     </span>
     <span class='ocr_line' id='line_1_32' title="bbox 70 2793 634 2855; baseline 0 0"><span class='ocrx_word' id='word_1_277' title='bbox 70 2810 285 2855; x_wconf 86' lang='lat' dir='ltr'><strong>omnes</strong></span> <span class='ocrx_word' id='word_1_278' title='bbox 310 2793 453 2855; x_wconf 88' lang='lat' dir='ltr'><strong>viles</strong></span> <span class='ocrx_word' id='word_1_279' title='bbox 478 2806 634 2855; x_wconf 90' lang='lat' dir='ltr'><strong>sunt.</strong></span> 
     </span>
    </p>

    <p class='ocr_par' dir='ltr' id='par_1_7' title="bbox 69 2876 2258 3649">
     <span class='ocr_line' id='line_1_33' title="bbox 207 2876 2257 2976; baseline -0 -38"><span class='ocrx_word' id='word_1_280' title='bbox 207 2878 372 2976; x_wconf 86' lang='lat' dir='ltr'><strong>Cap.</strong></span> <span class='ocrx_word' id='word_1_281' title='bbox 406 2879 661 2941; x_wconf 88' lang='lat' dir='ltr'>LXXXI.</span> <span class='ocrx_word' id='word_1_282' title='bbox 717 2878 899 2957; x_wconf 87' lang='lat' dir='ltr'><strong>Igitur</strong></span> <span class='ocrx_word' id='word_1_283' title='bbox 944 2877 1003 2939; x_wconf 91' lang='lat' dir='ltr'><strong>in</strong></span> <span class='ocrx_word' id='word_1_284' title='bbox 1049 2876 1245 2937; x_wconf 89' lang='lat' dir='ltr'><strong>locum</strong></span> <span class='ocrx_word' id='word_1_285' title='bbox 1302 2878 1591 2939; x_wconf 88' lang='lat' dir='ltr'><strong>ambobus</strong></span> <span class='ocrx_word' id='word_1_286' title='bbox 1645 2877 1919 2957; x_wconf 87' lang='lat' dir='ltr'><strong>placitum</strong></span> <span class='ocrx_word' id='word_1_287' title='bbox 1967 2876 2257 2937; x_wconf 85' lang='lat' dir='ltr'><strong>exercitus</strong></span> 
     </span>
     <span class='ocr_line' id='line_1_34' title="bbox 73 2960 2256 3043; baseline -0.002 -16"><span class='ocrx_word' id='word_1_288' title='bbox 73 2963 467 3037; x_wconf 86' lang='lat' dir='ltr'><strong>conveniunt,</strong></span> <span class='ocrx_word' id='word_1_289' title='bbox 510 2964 622 3037; x_wconf 90' lang='lat' dir='ltr'><strong>ibi,</strong></span> <span class='ocrx_word' id='word_1_290' title='bbox 666 2964 785 3026; x_wconf 89' lang='lat' dir='ltr'><strong>fide</strong></span> <span class='ocrx_word' id='word_1_291' title='bbox 830 2965 962 3026; x_wconf 89' lang='lat' dir='ltr'><strong>data</strong></span> <span class='ocrx_word' id='word_1_292' title='bbox 1009 2971 1067 3024; x_wconf 89' lang='lat' dir='ltr'><strong>et</strong></span> <span class='ocrx_word' id='word_1_293' title='bbox 1102 2971 1373 3043; x_wconf 90' lang='lat' dir='ltr'><strong>accepta,</strong></span> <span class='ocrx_word' id='word_1_294' title='bbox 1419 2964 1696 3043; x_wconf 87' lang='lat' dir='ltr'><strong>Iugurtha</strong></span> <span class='ocrx_word' id='word_1_295' title='bbox 1732 2960 1951 3024; x_wconf 84' lang='lat' dir='ltr'><strong>Bocchi</strong></span> <span class='ocrx_word' id='word_1_296' title='bbox 1999 2965 2256 3023; x_wconf 89' lang='lat' dir='ltr'><strong>animum</strong></span> 
     </span>
     <span class='ocr_line' id='line_1_35' title="bbox 72 3048 2258 3130; baseline -0.002 -17"><span class='ocrx_word' id='word_1_297' title='bbox 72 3051 342 3114; x_wconf 88' lang='lat' dir='ltr'><strong>oratione</strong></span> <span class='ocrx_word' id='word_1_298' title='bbox 370 3051 668 3125; x_wconf 82' lang='lat' dir='ltr'><strong>accendit3</strong></span> <span class='ocrx_word' id='word_1_299' title='bbox 695 3050 995 3113; x_wconf 86' lang='lat' dir='ltr'><strong>Romanos</strong></span> <span class='ocrx_word' id='word_1_300' title='bbox 1021 3049 1290 3123; x_wconf 78' lang='lat' dir='ltr'><strong>iniustoS‚</strong></span> <span class='ocrx_word' id='word_1_301' title='bbox 1323 3052 1616 3130; x_wconf 83' lang='lat' dir='ltr'><strong>profunda</strong></span> <span class='ocrx_word' id='word_1_302' title='bbox 1644 3048 1894 3123; x_wconf 83' lang='lat' dir='ltr'><strong>avaritia,</strong></span> <span class='ocrx_word' id='word_1_303' title='bbox 1926 3048 2258 3111; x_wconf 89' lang='lat' dir='ltr'><strong>communis</strong></span> 
     </span>
     <span class='ocr_line' id='line_1_36' title="bbox 76 3134 2257 3219; baseline -0.003 -19"><span class='ocrx_word' id='word_1_304' title='bbox 76 3137 339 3200; x_wconf 89' lang='lat' dir='ltr'><strong>omnium</strong></span> <span class='ocrx_word' id='word_1_305' title='bbox 392 3136 582 3197; x_wconf 90' lang='lat' dir='ltr'><strong>hostis</strong></span> <span class='ocrx_word' id='word_1_306' title='bbox 638 3154 797 3209; x_wconf 88' lang='lat' dir='ltr'><strong>esse,</strong></span> <span class='ocrx_word' id='word_1_307' title='bbox 838 3136 1108 3199; x_wconf 89' lang='lat' dir='ltr'><strong>eamdem</strong></span> <span class='ocrx_word' id='word_1_308' title='bbox 1155 3135 1288 3197; x_wconf 91' lang='lat' dir='ltr'><strong>illos</strong></span> <span class='ocrx_word' id='word_1_309' title='bbox 1338 3154 1606 3219; x_wconf 84' lang='lat' dir='ltr'><strong>caussam</strong></span> <span class='ocrx_word' id='word_1_310' title='bbox 1653 3135 1792 3197; x_wconf 88' lang='lat' dir='ltr'><strong>belli</strong></span> <span class='ocrx_word' id='word_1_311' title='bbox 1837 3152 1970 3195; x_wconf 91' lang='lat' dir='ltr'><strong>cum</strong></span> <span class='ocrx_word' id='word_1_312' title='bbox 2019 3134 2257 3196; x_wconf 91' lang='lat' dir='ltr'><strong>Boccho</strong></span> 
     </span>
     <span class='ocr_line' id='line_1_37' title="bbox 72 3220 2258 3302; baseline -0.002 -17"><span class='ocrx_word' id='word_1_313' title='bbox 72 3224 315 3298; x_wconf 87' lang='lat' dir='ltr'><strong>habere,</strong></span> <span class='ocrx_word' id='word_1_314' title='bbox 353 3240 531 3302; x_wconf 89' lang='lat' dir='ltr'><strong>quam</strong></span> <span class='ocrx_word' id='word_1_315' title='bbox 566 3238 768 3284; x_wconf 89' lang='lat' dir='ltr'><strong>secum</strong></span> <span class='ocrx_word' id='word_1_316' title='bbox 798 3230 858 3283; x_wconf 91' lang='lat' dir='ltr'><strong>et</strong></span> <span class='ocrx_word' id='word_1_317' title='bbox 884 3240 1019 3283; x_wconf 86' lang='lat' dir='ltr'><strong>cum</strong></span> <span class='ocrx_word' id='word_1_318' title='bbox 1052 3222 1177 3283; x_wconf 88' lang='lat' dir='ltr'><strong>aliis</strong></span> <span class='ocrx_word' id='word_1_319' title='bbox 1203 3222 1494 3302; x_wconf 85' lang='lat' dir='ltr'><strong>gentihus,</strong></span> <span class='ocrx_word' id='word_1_320' title='bbox 1519 3222 1840 3285; x_wconf 88' lang='lat' dir='ltr'><strong>lubidinem</strong></span> <span class='ocrx_word' id='word_1_321' title='bbox 1867 3220 2258 3301; x_wconf 86' lang='lat' dir='ltr'><strong>imperitandi,</strong></span> 
     </span>
     <span class='ocr_line' id='line_1_38' title="bbox 73 3305 2258 3390; baseline -0.002 -19"><span class='ocrx_word' id='word_1_322' title='bbox 73 3310 203 3390; x_wconf 90' lang='lat' dir='ltr'><strong>quis</strong></span> <span class='ocrx_word' id='word_1_323' title='bbox 245 3310 439 3382; x_wconf 84' lang='lat' dir='ltr'><strong>omnia</strong></span> <span class='ocrx_word' id='word_1_324' title='bbox 466 3326 649 3389; x_wconf 88' lang='lat' dir='ltr'><strong>regna</strong></span> <span class='ocrx_word' id='word_1_325' title='bbox 686 3308 936 3368; x_wconf 89' lang='lat' dir='ltr'><strong>advorsa</strong></span> <span class='ocrx_word' id='word_1_326' title='bbox 974 3316 1144 3383; x_wconf 67' lang='lat' dir='ltr'><strong>sunt:</strong></span> <span class='ocrx_word' id='word_1_327' title='bbox 1197 3318 1322 3369; x_wconf 87' lang='lat' dir='ltr'><strong>tum</strong></span> <span class='ocrx_word' id='word_1_328' title='bbox 1361 3328 1514 3383; x_wconf 88' lang='lat' dir='ltr'><strong>sese,</strong></span> <span class='ocrx_word' id='word_1_329' title='bbox 1547 3308 1746 3389; x_wconf 90' lang='lat' dir='ltr'><strong>paullo</strong></span> <span class='ocrx_word' id='word_1_330' title='bbox 1786 3316 1920 3369; x_wconf 89' lang='lat' dir='ltr'><strong>ante</strong></span> <span class='ocrx_word' id='word_1_331' title='bbox 1955 3305 2258 3383; x_wconf 87' lang='lat' dir='ltr'><strong>Carthagi·-</strong></span> 
     </span>
     <span class='ocr_line' id='line_1_39' title="bbox 69 3392 2258 3475; baseline -0.001 -19"><span class='ocrx_word' id='word_1_332' title='bbox 69 3396 330 3470; x_wconf 82' lang='lat' dir='ltr'><strong>nienseS‚</strong></span> <span class='ocrx_word' id='word_1_333' title='bbox 372 3396 511 3458; x_wconf 89' lang='lat' dir='ltr'><strong>item</strong></span> <span class='ocrx_word' id='word_1_334' title='bbox 548 3412 749 3474; x_wconf 87' lang='lat' dir='ltr'><strong>regem</strong></span> <span class='ocrx_word' id='word_1_335' title='bbox 770 3395 1027 3467; x_wconf 79' lang='lat' dir='ltr'><strong>Persen3</strong></span> <span class='ocrx_word' id='word_1_336' title='bbox 1058 3402 1215 3473; x_wconf 89' lang='lat' dir='ltr'><strong>post,</strong></span> <span class='ocrx_word' id='word_1_337' title='bbox 1252 3394 1336 3455; x_wconf 91' lang='lat' dir='ltr'><strong>uti</strong></span> <span class='ocrx_word' id='word_1_338' title='bbox 1368 3394 1615 3475; x_wconf 88' lang='lat' dir='ltr'><strong>quisque</strong></span> <span class='ocrx_word' id='word_1_339' title='bbox 1643 3394 2147 3474; x_wconf 89' lang='lat' dir='ltr'><strong>opulentissumus</strong></span> <span class='ocrx_word' id='word_1_340' title='bbox 2171 3392 2258 3453; x_wconf 85' lang='lat' dir='ltr'><strong>vi-</strong></span> 
     </span>
     <span class='ocr_line' id='line_1_40' title="bbox 74 3478 2258 3560; baseline -0.002 -17"><span class='ocrx_word' id='word_1_341' title='bbox 74 3482 298 3555; x_wconf 90' lang='lat' dir='ltr'><strong>deatur,</strong></span> <span class='ocrx_word' id='word_1_342' title='bbox 334 3480 411 3543; x_wconf 88' lang='lat' dir='ltr'><strong>ita</strong></span> <span class='ocrx_word' id='word_1_343' title='bbox 444 3480 727 3545; x_wconf 85' lang='lat' dir='ltr'><strong>Romanis</strong></span> <span class='ocrx_word' id='word_1_344' title='bbox 754 3481 987 3543; x_wconf 88' lang='lat' dir='ltr'><strong>hostem</strong></span> <span class='ocrx_word' id='word_1_345' title='bbox 1018 3481 1163 3541; x_wconf 79' lang='lat' dir='ltr'><strong>fore.</strong></span> <span class='ocrx_word' id='word_1_346' title='bbox 1210 3480 1315 3541; x_wconf 85' lang='lat' dir='ltr'><strong>His</strong></span> <span class='ocrx_word' id='word_1_347' title='bbox 1353 3489 1527 3560; x_wconf 88' lang='lat' dir='ltr'><strong>atque</strong></span> <span class='ocrx_word' id='word_1_348' title='bbox 1565 3479 1691 3541; x_wconf 88' lang='lat' dir='ltr'><strong>aliis</strong></span> <span class='ocrx_word' id='word_1_349' title='bbox 1715 3480 1928 3540; x_wconf 88' lang='lat' dir='ltr'><strong>talibus</strong></span> <span class='ocrx_word' id='word_1_350' title='bbox 1965 3479 2133 3539; x_wconf 87' lang='lat' dir='ltr'><strong>dictis</strong></span> <span class='ocrx_word' id='word_1_351' title='bbox 2182 3478 2258 3539; x_wconf 86' lang='lat' dir='ltr'><strong>ad</strong></span> 
     </span>
     <span class='ocr_line' id='line_1_41' title="bbox 74 3564 2258 3649; baseline -0.002 -19"><span class='ocrx_word' id='word_1_352' title='bbox 74 3566 285 3630; x_wconf 87' lang='lat' dir='ltr'><strong>Cirtam</strong></span> <span class='ocrx_word' id='word_1_353' title='bbox 323 3569 608 3649; x_wconf 87' lang='lat' dir='ltr'><strong>oppidum</strong></span> <span class='ocrx_word' id='word_1_354' title='bbox 644 3568 757 3630; x_wconf 88' lang='lat' dir='ltr'><strong>iter</strong></span> <span class='ocrx_word' id='word_1_355' title='bbox 797 3564 1192 3641; x_wconf 89' lang='lat' dir='ltr'><strong>constituunt,</strong></span> <span class='ocrx_word' id='word_1_356' title='bbox 1233 3567 1390 3647; x_wconf 82' lang='lat' dir='ltr'><strong>quod</strong></span> <span class='ocrx_word' id='word_1_357' title='bbox 1437 3566 1518 3628; x_wconf 82' lang='lat' dir='ltr'><strong>ibi</strong></span> <span class='ocrx_word' id='word_1_358' title='bbox 1557 3568 1629 3642; x_wconf 86' lang='lat' dir='ltr'><strong>Q.</strong></span> <span class='ocrx_word' id='word_1_359' title='bbox 1667 3565 1932 3627; x_wconf 79' lang='lat' dir='ltr'><strong>Metellus</strong></span> <span class='ocrx_word' id='word_1_360' title='bbox 1977 3564 2258 3649; x_wconf 85' lang='lat' dir='ltr'><strong>praedam</strong></span> 
     </span>
    </p>

    <p class='ocr_par' dir='ltr' id='par_1_8' title="bbox 210 3656 1498 3695">
     <span class='ocr_line' id='line_1_42' title="bbox 210 3656 1498 3695; baseline -0.001 -25"><span class='ocrx_word' id='word_1_361' title='bbox 210 3668 221 3695; x_wconf 41' lang='lat'>⁸</span> <span class='ocrx_word' id='word_1_362' title='bbox 1484 3656 1498 3669; x_wconf 37' lang='grc' dir='ltr'>ι</span> 
     </span>
    </p>
   </div>
  </div>
 </body>
</html>
