2400 3900
193 53 278 116 so
829 41 846 50 “
894 55 958 116 c,
1004 53 1400 116 SALLus‘ru
1446 5 1690 117 crustu

195 185 473 257 quantum
493 193 688 238 mores
707 173 844 248 mei,
871 193 993 237 non
1009 173 1243 236 illorum
1261 173 1477 270 flagitia
1492 173 1841 255 poscebant,
1858 176 2147 256 respondi
2166 195 2381 267 pauca,

195 264 270 325 de
287 261 589 342 republica
609 260 838 340 loquat.
883 259 1144 324 PrImum
1167 260 1429 322 omnium
1458 260 1531 320 de
1550 261 1823 324 Numidia
1846 261 2067 325 bonum
2092 245 2381 324 habetote

193 349 472 420 animum,
497 345 772 421 Quirites.
817 345 965 408 Nam
987 365 1136 443 quae
1154 347 1231 407 ad
1248 347 1363 411 hoc
1384 353 1639 443 tempus
1648 347 1985 427 Iugurtham
2008 355 2195 412 tutata
2223 359 2379 424 sunt,
2395 399 2396 414 ,

194 433 394 496 omnia
427 432 783 506 removistiS,
823 433 1138 508 avaritiam,
1169 431 1523 514 imperitiam
1549 439 1725 512 atque
1747 436 2105 516 superbiam.
2148 436 2379 501 Deinde

193 519 489 582 exercitus
527 517 611 582 ihi
643 529 733 582 est
767 521 1037 584 locorum
1074 519 1301 593 sciens,
1351 519 1459 580 sed
1498 521 1839 584 mehercule
1870 523 2057 600 magis
2092 530 2396 586 strenuus*

191 624 373 686 quam
411 605 566 668 felix.
611 607 760 668 Nam
793 625 1007 686 magna
1040 624 1181 685 pars
1220 606 1347 669 eins
1382 606 1619 668 avaritia
1654 617 1753 668 aut
1786 609 2119 672 temeritate
2157 609 2396 670 ducum¹

187 692 406 756 adtrita
431 702 540 756 est.
587 693 984 766 Quamobrem
1009 711 1132 766 vos,
1159 691 1374 772 quibus
1394 691 1655 754 militaris
1672 703 1833 757 aetas
1858 693 2013 773 [est],
2046 695 2379 758 adnitimini

191 797 424 840 mecum
454 787 512 840 et
547 777 837 878 capessite
865 776 1309 858 rempublicam,
1346 797 1545 860 neque
1568 797 1925 860 quemquam
1950 801 2023 844 ex
2053 782 2379 844 calamitate

192 864 442 927 aliorum
495 873 608 926 aut
633 865 1055 945 imperatorum
1110 863 1391 946 superbia
1442 874 1641 927 metus
1690 867 1931 946 ceperit,
2014 868 2271 946 Egomet
2324 870 2397 929 in*

196 952 458 1032 agmine,
513 950 576 1014 in
619 949 841 1030 praelio
883 949 1190 1013 consultor
1231 951 1393 1014 idem
1440 959 1501 1012 et
1539 951 1743 1014 socius
1784 949 2031 1034 periculi
2074 953 2378 1016 vobiscum

195 1039 410 1113 ader03
453 1043 670 1116 meque
693 1055 920 1134 vosque
944 1037 1008 1100 in
1033 1028 1312 1100 omnibus
1338 1025 1515 1099 rebus
1548 1038 1707 1100 iuxta
1730 1057 1949 1118 geram.
1994 1040 2069 1102 Et
2088 1043 2375 1139 profecto,

195 1125 290 1186 dis
313 1123 668 1196 iuvantibuS,
704 1123 904 1186 omnia
921 1131 1152 1188 matura
1179 1133 1339 1198 sunt,
1381 1122 1638 1200 victoria,
1673 1127 1913 1206 praeda,
1943 1125 2109 1201 laus3
2148 1145 2309 1206 quae
2334 1128 2376 1188 si

195 1209 376 1271 dubia
401 1217 504 1271 aut
525 1209 734 1288 procul
753 1221 974 1285 essent,
1012 1219 1209 1278 tamen
1237 1209 1431 1274 omnis
1452 1209 1649 1273 bonos
1674 1212 2037 1292 reipublicae
2060 1212 2374 1276 subvenire

195 1297 386 1357 decet.
431 1293 664 1356 Etenim
680 1294 911 1374 ignavia
936 1315 1112 1359 nemo
1127 1294 1477 1361 immortalis
1496 1297 1685 1359 factus
1706 1307 1815 1372 est,
1842 1314 2041 1379 neque
2066 1298 2375 1379 quisquam

193 1400 409 1462 parens
434 1380 655 1455 liberiS‚
684 1382 768 1444 uti
789 1383 1012 1444 aeterni
1037 1385 1250 1458 forent,
1276 1383 1527 1462 optavit;
1548 1382 1737 1462 magis
1762 1384 1845 1446 uti
1866 1385 2006 1447 boni
2030 1385 2376 1464 honestique

195 1469 372 1528 vitam
406 1465 724 1546 exigerent.
769 1468 944 1528 Plura
971 1469 1245 1544 dicerem,
1272 1466 1547 1542 Οιιιιιιοε,
1588 1469 1639 1530 si
1663 1469 1880 1534 timidis
1904 1471 2179 1533 virtutem
2208 1473 2374 1534 verba

197 1541 505 1627 adderent,
531 1572 670 1616 nam
695 1553 952 1616 strenuis
978 1554 1213 1617 abunde
1240 1554 1463 1616 dictum
1488 1562 1654 1633 puto.
2393 1617 2397 1634 ,

328 1639 490 1720 Cap.
513 1639 828 1706 LXXXVI.
861 1639 1283 1706 Huiuscemodi
1316 1640 1581 1702 oratione
1610 1640 1807 1702 hahita
1831 1639 2047 1704 Marius
2064 1652 2375 1741 postquam

197 1725 388 1804 plebis
411 1727 644 1791 animos
678 1735 940 1790 arrectos
967 1728 1142 1810 videt,
1177 1745 1435 1808 propere
1476 1736 1827 1800 commeatu,
1864 1729 2183 1814 stipendio,
2206 1731 2375 1792 armis

197 1811 443 1892 aliisque
463 1813 703 1880 utilibus
723 1814 886 1874 navis
908 1823 1132 1888 onerat,
1161 1833 1293 1876 cum
1313 1813 1407 1876 his
1422 1815 1491 1874 A.
1511 1813 1797 1878 Manlium
1807 1809 2075 1894 legatum
2084 1816 2377 1896 proficisci

198 1898 377 1961 iubet.
423 1899 562 1979 Ipse
595 1899 822 1961 interea
843 1899 1056 1962 milites
1083 1899 1363 1975 scribere,
1414 1918 1533 1963 non
1568 1919 1737 1963 more
1768 1901 2051 1965 maiorum
2084 1921 2283 1983 neque
2316 1922 2379 1965 ex

201 1985 518 2059 classibuS,
559 1986 664 2047 sed
705 1985 790 2047 uti
831 1986 1115 2065 cuiusque
1145 1986 1352 2061 lubido
1383 1995 1527 2061 erat,
1565 1988 1755 2067 capite
1789 1994 2005 2051 censos
2042 1989 2377 2070 plerosque.

198 2069 268 2130 Id
296 2072 512 2131 factum
536 2069 635 2133 alii
672 2070 870 2153 inopia
905 2070 1222 2145 bonorum,
1263 2072 1358 2133 alii
1396 2092 1519 2153 per
1542 2073 1923 2135 ambitionem
1956 2077 2223 2139 consulis
2256 2096 2376 2139 me-

195 2156 536 2217 morabant·
521 2200 538 2232 ,
568 2156 730 2239 quod
753 2159 827 2219 ab
859 2177 931 2219 eo
955 2176 1174 2255 genere
1199 2158 1529 2221 celebratus
1553 2168 1877 2239 auctusque
1898 2169 2047 2235 erat,
2076 2172 2139 2224 et
2158 2163 2377 2225 homini

196 2243 522 2323 potentiam
562 2243 867 2325 quaerenti
903 2244 1339 2324 egentissumus
1374 2246 1623 2325 quisque
1658 2248 2249 2326 opportunissumuS,
2294 2249 2376 2312 cui

197 2348 394 2410 neque
433 2348 542 2393 sua
581 2348 747 2406 cara,
799 2330 1018 2414 quippe
1056 2349 1206 2410 quae
1250 2331 1411 2395 nulla
1452 2342 1617 2406 sunt,
1666 2340 1725 2391 et
1772 2334 1969 2395 omnia
2015 2352 2153 2397 cum
2190 2336 2374 2414 pretio

197 2414 449 2479 honesta
493 2416 788 2479 videntur.
851 2418 1034 2516 igi-tur
1063 2418 1283 2481 Marius
1320 2436 1457 2481 cum
1504 2418 1799 2499 aliquanto
1842 2420 2063 2481 maiore
2110 2438 2374 2492 numero,

195 2520 372 2579 quam
413 2503 713 2565 decretum
753 2512 894 2579 erat,
925 2504 988 2567 in
1020 2504 1279 2567 Africam
1316 2506 1621 2585 profectus
1654 2504 1859 2585 paucis
1906 2506 2116 2569 diebus
2154 2507 2374 2569 Uticam

199 2586 529 2649 advehitur.
573 2588 877 2651 Exercitus
911 2591 966 2651 ei
1005 2591 1257 2656 traditur
1281 2609 1315 2651 a
1340 2593 1407 2653 P.
1430 2590 1647 2655 Rutilio
1679 2592 1903 2671 legat03
1948 2612 2085 2655 nam
2113 2593 2397 2685 Metellus⁴

200 2680 586 2755 con-spectum
611 2674 774 2735 Marii
805 2676 1052 2753 fugerat,
1089 2696 1167 2739 ne
1193 2677 1423 2739 videret
1446 2696 1535 2752 ea,
1568 2696 1716 2757 quae
1737 2678 1933 2739 audita
1959 2680 2195 2741 animus
2233 2681 2378 2741 tole-

197 2779 331 2822 rare
354 2758 715 2840 nequiverat.

329 2847 418 2911 Ca
431 2866 490 2927 p.
513 2844 844 2909 LXXXVII.
891 2844 1010 2907 Sed
1031 2844 1269 2920 Consul,
1296 2846 1541 2925 expletis
1561 2848 1895 2929 legionibus
1914 2850 2379 2930 cohortibusque

199 2934 534 3008 auxiliariiS,
559 2934 618 2995 in
637 2952 844 3011 agrum
867 2930 1113 2995 fertilem
1131 2942 1190 2994 et
1210 2932 1428 3012 praeda
1450 2944 1729 2999 onustum
1748 2936 2157 3016 proficiscitur,
2182 2937 2381 2999 omnia

199 3017 284 3079 ihi
323 3028 494 3100 capta
527 3020 804 3082 militibus
841 3020 1050 3093 donat;
1095 3018 1232 3082 dein
1269 3020 1506 3081 castella
1546 3028 1604 3081 et
1642 3023 1861 3103 oppida
1899 3031 2107 3083 natura
2142 3030 2205 3083 et
2243 3024 2377 3085 viris

203 3122 412 3185 parum
451 3108 676 3169 munita
709 3106 1075 3185 aggreditur:
1094 3106 1340 3185 praelia
1364 3106 1581 3181 multa,
1624 3118 1881 3171 ceterum
1917 3109 2065 3169 levia
2102 3108 2213 3170 alia
2256 3110 2396 3175 aliis}

168 3271 172 3275 Ι
194 3190 350 3253 loeis
379 3194 590 3269 faeere.
637 3192 878 3254 Interim
904 3191 1039 3253 novi
1067 3166 1281 3255 milites
1308 3190 1437 3252 sine
1458 3204 1620 3255 metu
1654 3214 1887 3293 pugnae
1912 3195 2142 3269 adesse,
2178 3190 2397 3277 videre}

201 3266 496 3357 fugientes
521 3279 652 3359 capi
675 3286 775 3340 aut
797 3278 1002 3352 occidi,
1021 3279 1427 3339 fortissumum
1452 3299 1743 3361 quemque
1768 3282 2169 3357 tutissumum,
2198 3283 2396 3349 armis

199 3362 352 3426 hbet
353 3374 550 3439 tatem
587 3365 832 3445 patriam
870 3372 1263 3462 parentesque
1300 3373 1357 3425 et
1390 3365 1499 3429 alia
1526 3369 1721 3430 omnia
1744 3368 1877 3446 tegi,
1914 3367 2159 3446 gloriam
2200 3372 2396 3449 atque

201 3450 429 3512 divitias
458 3451 676 3531 quaeri.
724 3450 822 3513 Sic
847 3450 1013 3513 brevi
1033 3451 1225 3531 spatio
1252 3454 1391 3513 novi
1420 3463 1767 3533 veteresque
1791 3456 2078 3527 coaluere,
2108 3464 2166 3516 et
2190 3454 2397 3529 virtus4

203 3537 462 3602 omnium
483 3536 742 3618 aequalis
763 3539 932 3600 facta.
975 3541 1050 3599 At
1065 3555 1259 3617 reges,
1283 3538 1383 3601 ubi
1402 3539 1476 3601 de
1494 3540 1751 3604 adventu
1768 3538 1933 3601 Marii
1951 3549 2396 3631 cognoveruntH

2360 3654 2397 3885 ,l
