2400 3900
54 2892 62 2901 ι
155 2824 361 2887 herbal
385 2823 484 2885 ubi
505 2822 804 2902 intellegit,
833 2824 1024 2884 omnis
1044 2841 1179 2884 suas
1209 2824 1477 2884 fortunas
1508 2823 1571 2883 in
1598 2830 1855 2884 extremo
1892 2822 2051 2896 sitaS,
2082 2823 2323 2886 hostem
2352 2878 2373 2899 L.

155 43 240 108 46
851 44 913 104 e
959 42 1352 106 sAtLusTn
1396 43 1638 139 cnispi

159 176 219 228 et
241 165 304 228 ni
329 162 636 227 multitudo
669 168 999 240 togatorum
1025 162 1251 234 fuisset,
1292 144 1440 242 quae
1456 163 1737 224 Numidas
1760 162 2133 239 insequentis
2167 180 2351 222 moe-

153 253 332 314 nibus
360 249 674 329 prohibuit,
710 267 832 308 uno
861 249 954 310 die
974 248 1128 310 inter
1149 249 1301 310 duos
1326 267 1500 326 reges
1529 258 1801 328 coeptum
1822 255 1994 326 atque
2024 266 2097 328 pa
2108 258 2347 309 tratum
2371 271 2372 296 ff

156 338 374 399 bellum
409 337 578 396 foret.
645 333 827 410 igitur
861 335 1141 412 Iugurtha
1173 335 1457 414 oppidum
1492 333 1881 405 circumsedit,
1926 333 2113 394 vineis
2152 335 2372 410 turri-³

155 407 388 500 busque
449 428 508 480 et
564 420 850 498 machinis
903 421 1162 483 omnium
1216 439 1495 499 generum
1558 437 1895 499 expugnare
1950 420 2344 498 aggi-editum

155 525 428 570 maxume
462 505 746 568 festinans
773 515 1008 586 tempus
1035 509 1357 586 legatorum
1382 515 1749 585 antecapere,
1792 523 1942 584 quos
1980 514 2123 566 ante
2155 525 2342 584 prae-

154 593 530 656 lium=factum
551 593 624 652 ab
644 593 974 655 Adherbale
991 593 1240 654 Romam
1265 593 1480 654 missos
1504 591 1818 653 audiverat,
1864 591 1983 653 Sed
2002 601 2341 670 postquam

157 680 408 740 Senatus
440 678 706 740 debello
733 697 938 740 eorum
971 679 1212 756 accepit,
1248 687 1367 740 tres
1407 680 1812 740 adulescentes
1850 677 1911 736 in
1946 679 2215 738 Africam
2254 680 2340 738 le-

157 772 386 844 gantur,
413 764 513 848 qui
537 763 742 826 ambos
766 778 936 842 reges
959 765 1190 837 adeant,
1228 766 1481 826 Senatus
1504 765 1827 845 populique
1848 763 2100 824 Romani
2126 765 2337 825 verbis

153 851 465 913 nuncient:
522 851 681 910 Velle
719 859 778 909 et
810 868 1082 924 censere,
1120 869 1225 910 eos
1260 849 1334 910 ab
1372 851 1551 912 armis
1588 851 1921 912 discedere:
1962 849 2039 908 de
2076 858 2335 910 contro-

154 937 360 1000 versiis
397 937 524 998 suis
555 937 686 996 iure
724 935 917 1012 potius
953 954 1126 1014 quam
1157 935 1313 996 bello
1346 936 1713 1014 disceptare3
1750 936 1829 996 ita
1856 953 2053 1013 seque
2084 935 2332 1014 illisque

142 1023 399 1102 dignum
429 1039 582 1082 esse.
1536 1093 1539 1100 Ι

285 1109 445 1186 Cap.
469 1105 647 1168 XXII.
691 1105 892 1184 Legati
917 1106 980 1172 in
1011 1107 1266 1169 Africam
1292 1112 1652 1168 maturantes
1688 1105 1957 1180 veniunt,
1996 1123 2067 1165 eo
2112 1108 2329 1186 magis,

159 1195 315 1273 quod
341 1195 581 1266 Romae,
613 1193 750 1252 dum
785 1193 1078 1273 proficisci
1107 1201 1337 1272 parant,
1372 1193 1445 1254 de
1481 1191 1701 1272 praelio
1736 1193 1889 1252 facto
1912 1199 1974 1252 et
2002 1209 2329 1272 oppugna-

153 1281 318 1342 tione
341 1279 527 1340 Cirtae
561 1277 939 1352 andiebatur;
977 1280 1083 1341 sed
1125 1279 1176 1340 is
1218 1297 1425 1340 rumor
1466 1280 1723 1340 clemens
1746 1286 1888 1339 erat.
1935 1278 2215 1350 Quorum
2234 1280 2331 1340 Iu—

157 1366 367 1444 gurtha
407 1372 660 1442 accepta
679 1363 944 1429 oratione
987 1365 1325 1442 respondit:
1382 1365 1507 1427 Sibi
1544 1383 1739 1442 neque
1784 1364 1971 1424 maius
2010 1364 2329 1442 quicquam

155 1469 348 1528 neque
387 1449 580 1510 carius
621 1448 964 1510 auctoritate
987 1450 1239 1514 Senatus
1278 1469 1445 1526 esse3
1482 1451 1555 1510 ab
1584 1445 1979 1516 adulescentia
2011 1467 2121 1509 sua
2152 1451 2243 1510 ita
2268 1471 2329 1511 se
2356 1467 2372 1484 “¹

159 1535 408 1608 enisum,
445 1541 512 1596 ut
547 1533 636 1596 ab·
662 1542 906 1614 optumo
939 1554 1176 1616 quoque
1206 1536 1585 1615 probaretur3
1621 1536 1829 1634 virtute
1860 1553 1980 1596 non
2010 1535 2241 1596 malitia
2258 1539 2329 1598 ·P.

158 1620 440 1700 Scipioni,
477 1639 707 1684 summo
741 1620 884 1695 vii-0,
918 1623 1246 1700 placuisse3
1275 1622 1351 1683 ob
1375 1623 1617 1682 easdem
1648 1627 1789 1681 artis
1814 1621 1889 1680 ab
1908 1620 2175 1699 Micipsa,
2208 1642 2329 1683 non

154 1707 402 1788 penuria
425 1707 741 1769 liberorum
776 1707 836 1768 in
869 1724 1116 1786 regnum
1143 1709 1481 1786 adoptatum
1508 1725 1663 1768 esse.
1708 1707 1977 1768 Ceterum
2006 1725 2125 1786 quo
2153 1709 2327 1787 plura

155 1793 309 1856 bene
334 1801 508 1872 atque
531 1801 772 1854 strenue
799 1793 1054 1867 fecisset,
1083 1812 1155 1854 eo
1177 1793 1433 1856 animum
1463 1811 1635 1855 suum
1654 1792 1923 1853 iniuriam
1949 1792 2147 1853 minus
2179 1794 2328 1854 tole-

154 1898 317 1955 rare,
344 1878 734 1940 Adherbalem
769 1876 922 1938 dolis
952 1879 1098 1939 vitae
1123 1897 1267 1940 suae
1293 1879 1649 1953 insidiatum,
1676 1878 1835 1958 quod
1867 1877 1969 1938 ubi
1996 1881 2327 1959 comperis-

157 1976 277 2038 set,
331 1964 540 2025 sceleri
571 1964 696 2025 eius
743 1964 970 2025 obviam
1012 1966 1154 2026 isse.
1209 1966 1497 2044 Populum
1542 1966 1869 2026 Romanum
1921 1983 2113 2043 neque
2162 1976 2325 2029 recte
2368 1903 2373 2037 Ι

155 2068 350 2129 neque
400 2070 508 2129 pro
537 2049 696 2110 bono
738 2050 1142 2132 iacturum,jsi
1189 2052 1263 2111 ab
1293 2052 1421 2112 iure
1458 2051 1729 2129 gentium
1756 2069 1889 2111 sese
1937 2050 2325 2129 prohibuerit.

167 2138 476 2199 Postremo
513 2136 586 2195 de
617 2134 888 2197 omnibus
917 2136 1096 2199 rebus
1115 2136 1350 2215 legatos
1374 2138 1620 2199 Romam
1646 2136 1807 2197 brevi
1853 2135 2194 2199 missurum.
2244 2140 2325 2201 Ita

158 2215 398 2302 utrique
421 2221 842 2301 digrediuntur.
887 2221 1235 2285 Adherbalis
1262 2221 1595 2303 appellandi
1620 2222 1790 2303 copia
1808 2240 1929 2283 non
1956 2222 2083 2283 suit.

287 2311 448 2390 Cap.
483 2308 691 2369 xxm.
779 2307 1057 2387 Iugurtha
1102 2307 1208 2371 ubi
1250 2328 1354 2371 eos
1393 2310 1583 2370 Africa
1630 2306 1961 2369 decessisse
2006 2317 2169 2370 ratus
2220 2318 2322 2384 est,
2362 2330 2373 2349 ·=

157 2414 350 2473 neque
388 2404 634 2474 propter
662 2393 777 2456 loci
805 2406 1074 2457 naturam
1099 2394 1312 2457 Cirtam
1348 2395 1527 2456 armis
1552 2412 1891 2473 expugnare
1914 2402 2141 2473 potest,
2170 2397 2322 2457 vallo

160 2489 334 2558 atque
355 2482 515 2539 fossa
545 2480 777 2541 moenia
806 2482 1144 2555 circumdat,
1181 2482 1355 2543 turris
1380 2480 1627 2542 exstruit
1647 2498 1864 2558 easque
1886 2480 2201 2560 praesidiis
2222 2484 2323 2542 fir-

155 2576 303 2638 mat;
322 2571 631 2646 praeterea
658 2566 784 2625 dies
809 2578 1148 2649 noctesque,
1163 2574 1265 2627 aut
1286 2584 1394 2645 per
1412 2567 1527 2627 vim
1545 2573 1645 2627 aut
1668 2565 1817 2626 dolis
1836 2572 2078 2639 tentare,
2110 2565 2323 2628 desen·
2369 2592 2373 2607 ·

157 2650 392 2715 soribus
413 2650 710 2713 moenium
729 2652 988 2729 praemia
1013 2654 1209 2724 modo,
1234 2653 1411 2713 modo
1437 2650 1809 2715 formidinem
1828 2657 2142 2725 ostentare,
2174 2672 2321 2714 suos

154 2738 446 2800 hortando
473 2737 546 2798 ad
582 2735 848 2797 virtutem
876 2737 1118 2817 erigere,
1143 2754 1389 2815 prorsus
1414 2738 1672 2799 intentus
1698 2746 1906 2798 cuncta
1930 2754 2157 2817 parare.
2202 2741 2323 2799 Ad-

156 2909 464 2984 infestum‚
523 2909 713 2973 auxilii
767 2927 934 2988 spem
990 2909 1238 2982 nullam,
1310 2908 1552 2988 penuria
1600 2926 1799 2970 rerum
1848 2910 2319 2971 necessariarum

156 2994 375 3056 bellum
411 2995 564 3057 trahi
599 3012 944 3074 non-posse,
983 3014 1053 3057 ex
1075 2995 1168 3069 iis,
1214 2994 1327 3074 qui·
1352 3012 1469 3055 una
1498 2993 1713 3055 Cirtam
1738 2995 2140 3075 profugerant,⁸
2166 2998 2321 3057 duos

157 3100 430 3143 maxume
449 3082 732 3160 impigros
750 3081 982 3159 delegit,
1000 3101 1105 3143 eos
1123 3080 1304 3142 multa
1321 3079 1741 3160 pollicendo‘ac
1756 3080 2089 3141 miserando
2118 3100 2319 3143 casum

161 3184 336 3229 suum
352 3168 683 3239 confirmat,
719 3167 800 3228 uti
842 3186 950 3245 per
971 3166 1228 3229 hostium
1263 3165 1619 3229 munitiones
1642 3173 1825 3229 noctu
1866 3167 1937 3228 ad
1967 3184 2315 3247 proxumum
2371 3210 2372 3239 ;

159 3272 340 3325 mare,
369 3252 504 3315 dein
531 3254 773 3318 Romam
799 3262 1129 3333 pergerent.
1180 3320 1184 3327 ,

289 3340 448 3419 Cap.
471 3338 666 3401 Xle.
713 3338 998 3404 Numidae
1015 3340 1219 3418 paucis
1244 3336 1455 3401 diebus
1472 3337 1636 3402 iussa
1654 3338 1941 3415 efficiunt3
1966 3336 2169 3399 literae
2192 3340 2313 3400 Ad·
2371 3384 2372 3417 ἲ

161 3424 418 3488 herbalis
463 3425 526 3485 in
561 3425 782 3487 Senatu
817 3427 1119 3499 recitatae,
1151 3442 1413 3505 quarum
1448 3425 1739 3489 sententia
1769 3424 1919 3487 haec
1969 3424 2095 3485 fuit.
2178 3423 2309 3486 Non
2354 3448 2373 3470 -·

162 3528 294 3576 mea
329 3512 502 3593 culpa
529 3522 708 3589 saepe
743 3511 816 3574 ad
856 3531 964 3575 vos
992 3520 1218 3575 oratum
1254 3511 1441 3587 mitto,
1468 3513 1675 3575 Patres
1702 3508 2038 3587 conscripti,
2083 3508 2189 3571 sed
2225 3510 2313 3572 vis
2371 3480 2372 3569 l
