<?xml version="1.0" encoding="UTF-8"?>
<!DOCTYPE html PUBLIC "-//W3C//DTD XHTML 1.0 Transitional//EN"
    "http://www.w3.org/TR/xhtml1/DTD/xhtml1-transitional.dtd">
<html xmlns="http://www.w3.org/1999/xhtml" xml:lang="en" lang="en">
 <head>
  <title>
</title>
<meta http-equiv="Content-Type" content="text/html;charset=utf-8" />
  <meta name='ocr-system' content='tesseract 3.04.00' />
  <meta name='ocr-capabilities' content='ocr_page ocr_carea ocr_par ocr_line ocrx_word'/>
</head>
<body>
  <div class='ocr_page' id='page_1' title='image "./csallustiicrisp00kochgoog_0091.png"; bbox 0 0 2400 3900; ppageno 0'>
   <div class='ocr_carea' id='block_1_1' title="bbox 609 98 2207 177">
    <p class='ocr_par' dir='ltr' id='par_1_1' title="bbox 609 98 2207 177">
     <span class='ocr_line' id='line_1_1' title="bbox 609 98 2207 177; baseline 0.001 -13"><span class='ocrx_word' id='word_1_1' title='bbox 609 101 824 170; x_wconf 80' lang='lat' dir='ltr'>BELL.</span> <span class='ocrx_word' id='word_1_2' title='bbox 867 101 1234 166; x_wconf 83' lang='lat' dir='ltr'>IUGURTH.</span> <span class='ocrx_word' id='word_1_3' title='bbox 1280 119 1333 177; x_wconf 75' lang='grc' dir='ltr'>ς.</span> <span class='ocrx_word' id='word_1_4' title='bbox 1361 98 1655 164; x_wconf 84' lang='grc'><strong>89-93.</strong></span> <span class='ocrx_word' id='word_1_5' title='bbox 1785 152 1791 164; x_wconf 81' lang='grc'><em>,</em></span> <span class='ocrx_word' id='word_1_6' title='bbox 2120 101 2207 169; x_wconf 77' lang='grc'>83</span> 
     </span>
    </p>
   </div>
   <div class='ocr_carea' id='block_1_2' title="bbox 19 215 2234 3487">
    <p class='ocr_par' dir='ltr' id='par_1_2' title="bbox 19 215 2231 2437">
     <span class='ocr_line' id='line_1_2' title="bbox 181 215 2211 304; baseline 0.002 -20"><span class='ocrx_word' id='word_1_7' title='bbox 181 221 268 284; x_wconf 89' lang='lat' dir='ltr'>Ca</span> <span class='ocrx_word' id='word_1_8' title='bbox 279 241 340 303; x_wconf 91' lang='lat' dir='ltr'>p.</span> <span class='ocrx_word' id='word_1_9' title='bbox 373 219 545 285; x_wconf 84' lang='lat' dir='ltr'>xcu.</span> <span class='ocrx_word' id='word_1_10' title='bbox 599 215 920 304; x_wconf 81' lang='lat' dir='ltr'>Postquam</span> <span class='ocrx_word' id='word_1_11' title='bbox 962 229 1184 284; x_wconf 88' lang='lat' dir='ltr'>tantam</span> <span class='ocrx_word' id='word_1_12' title='bbox 1229 239 1355 282; x_wconf 88' lang='lat' dir='ltr'>rem</span> <span class='ocrx_word' id='word_1_13' title='bbox 1400 222 1629 302; x_wconf 80' lang='lat' dir='ltr'>peregit</span> <span class='ocrx_word' id='word_1_14' title='bbox 1666 221 1885 288; x_wconf 65' lang='lat' dir='ltr'>nauus</span> <span class='ocrx_word' id='word_1_15' title='bbox 1928 223 2058 286; x_wconf 84' lang='lat' dir='ltr'>sine</span> <span class='ocrx_word' id='word_1_16' title='bbox 2092 225 2211 288; x_wconf 87' lang='lat' dir='ltr'>ullo</span> 
     </span>
     <span class='ocr_line' id='line_1_3' title="bbox 55 307 2213 391; baseline 0.002 -21"><span class='ocrx_word' id='word_1_17' title='bbox 55 325 296 370; x_wconf 86' lang='lat' dir='ltr'>suorum</span> <span class='ocrx_word' id='word_1_18' title='bbox 329 307 736 384; x_wconf 90' lang='lat' dir='ltr'>incommodo,</span> <span class='ocrx_word' id='word_1_19' title='bbox 770 327 1020 388; x_wconf 86' lang='lat' dir='ltr'>magnus</span> <span class='ocrx_word' id='word_1_20' title='bbox 1056 314 1116 369; x_wconf 92' lang='lat' dir='ltr'>et</span> <span class='ocrx_word' id='word_1_21' title='bbox 1147 307 1337 368; x_wconf 91' lang='lat' dir='ltr'>clarus</span> <span class='ocrx_word' id='word_1_22' title='bbox 1372 316 1544 368; x_wconf 85' lang='lat' dir='ltr'>antea</span> <span class='ocrx_word' id='word_1_23' title='bbox 1577 311 1766 389; x_wconf 84' lang='lat' dir='ltr'>maior</span> <span class='ocrx_word' id='word_1_24' title='bbox 1795 318 1971 391; x_wconf 90' lang='lat' dir='ltr'>atque</span> <span class='ocrx_word' id='word_1_25' title='bbox 2002 311 2213 374; x_wconf 88' lang='lat' dir='ltr'>clarior</span> 
     </span>
     <span class='ocr_line' id='line_1_4' title="bbox 50 393 2215 476; baseline 0.002 -20"><span class='ocrx_word' id='word_1_26' title='bbox 50 395 257 457; x_wconf 88' lang='lat' dir='ltr'>haberi</span> <span class='ocrx_word' id='word_1_27' title='bbox 281 395 494 475; x_wconf 88' lang='lat' dir='ltr'>coepit.</span> <span class='ocrx_word' id='word_1_28' title='bbox 538 395 745 458; x_wconf 88' lang='lat' dir='ltr'>Omnia</span> <span class='ocrx_word' id='word_1_29' title='bbox 777 415 899 458; x_wconf 90' lang='lat' dir='ltr'>non</span> <span class='ocrx_word' id='word_1_30' title='bbox 936 395 1091 456; x_wconf 91' lang='lat' dir='ltr'>bene</span> <span class='ocrx_word' id='word_1_31' title='bbox 1125 395 1393 456; x_wconf 88' lang='lat' dir='ltr'>consulta</span> <span class='ocrx_word' id='word_1_32' title='bbox 1424 393 1486 456; x_wconf 92' lang='lat' dir='ltr'>in</span> <span class='ocrx_word' id='word_1_33' title='bbox 1520 394 1789 458; x_wconf 83' lang='lat' dir='ltr'>virtutem</span> <span class='ocrx_word' id='word_1_34' title='bbox 1812 397 2215 476; x_wconf 78' lang='lat' dir='ltr'><strong>trahebantur,</strong></span> 
     </span>
     <span class='ocr_line' id='line_1_5' title="bbox 51 479 2216 564; baseline 0.002 -23"><span class='ocrx_word' id='word_1_35' title='bbox 51 481 262 543; x_wconf 83' lang='lat' dir='ltr'><strong>milites</strong></span> <span class='ocrx_word' id='word_1_36' title='bbox 291 481 602 562; x_wconf 83' lang='lat' dir='ltr'>modesto</span> <span class='ocrx_word' id='word_1_37' title='bbox 585 483 830 564; x_wconf 80' lang='lat' dir='ltr'>imperio</span> <span class='ocrx_word' id='word_1_38' title='bbox 857 480 1036 542; x_wconf 87' lang='lat' dir='ltr'>habiti</span> <span class='ocrx_word' id='word_1_39' title='bbox 1060 479 1314 542; x_wconf 89' lang='lat' dir='ltr'>simulet</span> <span class='ocrx_word' id='word_1_40' title='bbox 1338 479 1661 560; x_wconf 85' lang='lat' dir='ltr'>locupletes</span> <span class='ocrx_word' id='word_1_41' title='bbox 1687 483 1762 543; x_wconf 91' lang='lat' dir='ltr'>ad</span> <span class='ocrx_word' id='word_1_42' title='bbox 1788 485 2019 546; x_wconf 88' lang='lat' dir='ltr'>coelum</span> <span class='ocrx_word' id='word_1_43' title='bbox 2038 486 2216 562; x_wconf 82' lang='lat' dir='ltr'>ferre,</span> 
     </span>
     <span class='ocr_line' id='line_1_6' title="bbox 47 567 2219 664; baseline 0.003 -37"><span class='ocrx_word' id='word_1_44' title='bbox 47 567 332 629; x_wconf 80' lang='lat' dir='ltr'>Numidae</span> <span class='ocrx_word' id='word_1_45' title='bbox 354 569 540 648; x_wconf 79' lang='lat' dir='ltr'>magis</span> <span class='ocrx_word' id='word_1_46' title='bbox 561 588 732 650; x_wconf 90' lang='lat' dir='ltr'>quam</span> <span class='ocrx_word' id='word_1_47' title='bbox 753 567 1058 630; x_wconf 79' lang='lat' dir='ltr'>mortalem</span> <span class='ocrx_word' id='word_1_48' title='bbox 1075 567 1303 640; x_wconf 86' lang='lat' dir='ltr'>timere,</span> <span class='ocrx_word' id='word_1_49' title='bbox 1326 577 1629 646; x_wconf 85' lang='lat' dir='ltr'>postremo</span> <span class='ocrx_word' id='word_1_50' title='bbox 1653 586 1859 630; x_wconf 89' lang='lat' dir='ltr'>omnes</span> <span class='ocrx_word' id='word_1_51' title='bbox 1877 570 2022 633; x_wconf 90' lang='lat' dir='ltr'>socii</span> <span class='ocrx_word' id='word_1_52' title='bbox 2039 579 2219 664; x_wconf 75' lang='lat' dir='ltr'>atque</span> 
     </span>
     <span class='ocr_line' id='line_1_7' title="bbox 49 651 2218 730; baseline 0 -10"><span class='ocrx_word' id='word_1_53' title='bbox 49 653 254 720; x_wconf 84' lang='lat' dir='ltr'>hostes</span> <span class='ocrx_word' id='word_1_54' title='bbox 297 655 567 730; x_wconf 87' lang='lat' dir='ltr'>credere,</span> <span class='ocrx_word' id='word_1_55' title='bbox 607 655 688 716; x_wconf 90' lang='lat' dir='ltr'>illi</span> <span class='ocrx_word' id='word_1_56' title='bbox 728 663 830 716; x_wconf 89' lang='lat' dir='ltr'>aut</span> <span class='ocrx_word' id='word_1_57' title='bbox 869 661 1128 716; x_wconf 85' lang='lat' dir='ltr'>mentem</span> <span class='ocrx_word' id='word_1_58' title='bbox 1181 652 1437 715; x_wconf 88' lang='lat' dir='ltr'>divinam</span> <span class='ocrx_word' id='word_1_59' title='bbox 1482 671 1615 714; x_wconf 87' lang='lat' dir='ltr'>esse</span> <span class='ocrx_word' id='word_1_60' title='bbox 1656 659 1754 714; x_wconf 89' lang='lat' dir='ltr'>aut</span> <span class='ocrx_word' id='word_1_61' title='bbox 1778 655 2019 718; x_wconf 89' lang='lat' dir='ltr'>deorum</span> <span class='ocrx_word' id='word_1_62' title='bbox 2068 651 2218 720; x_wconf 80' lang='lat' dir='ltr'>nutu</span> 
     </span>
     <span class='ocr_line' id='line_1_8' title="bbox 48 737 2217 822; baseline 0.002 -21"><span class='ocrx_word' id='word_1_63' title='bbox 48 748 255 802; x_wconf 87' lang='lat' dir='ltr'>cuncta</span> <span class='ocrx_word' id='word_1_64' title='bbox 273 741 566 820; x_wconf 87' lang='lat' dir='ltr'>portendi.</span> <span class='ocrx_word' id='word_1_65' title='bbox 611 741 731 801; x_wconf 87' lang='lat' dir='ltr'>Sed</span> <span class='ocrx_word' id='word_1_66' title='bbox 758 739 994 812; x_wconf 88' lang='lat' dir='ltr'>Consul,</span> <span class='ocrx_word' id='word_1_67' title='bbox 1022 737 1125 800; x_wconf 87' lang='lat' dir='ltr'>ubi</span> <span class='ocrx_word' id='word_1_68' title='bbox 1147 757 1216 802; x_wconf 89' lang='lat' dir='ltr'>ea</span> <span class='ocrx_word' id='word_1_69' title='bbox 1238 757 1333 800; x_wconf 83' lang='lat' dir='ltr'>res</span> <span class='ocrx_word' id='word_1_70' title='bbox 1354 739 1507 800; x_wconf 89' lang='lat' dir='ltr'>bene</span> <span class='ocrx_word' id='word_1_71' title='bbox 1534 740 1741 814; x_wconf 88' lang='lat' dir='ltr'>evenit,</span> <span class='ocrx_word' id='word_1_72' title='bbox 1766 741 1839 800; x_wconf 94' lang='lat' dir='ltr'>ad</span> <span class='ocrx_word' id='word_1_73' title='bbox 1863 743 1973 802; x_wconf 90' lang='lat' dir='ltr'>alia</span> <span class='ocrx_word' id='word_1_74' title='bbox 1999 744 2217 822; x_wconf 81' lang='lat' dir='ltr'>oppida</span> 
     </span>
     <span class='ocr_line' id='line_1_9' title="bbox 47 823 2218 910; baseline 0.003 -25"><span class='ocrx_word' id='word_1_75' title='bbox 47 827 256 906; x_wconf 85' lang='lat' dir='ltr'>pergit,</span> <span class='ocrx_word' id='word_1_76' title='bbox 290 845 475 906; x_wconf 81' lang='lat' dir='ltr'>pauca</span> <span class='ocrx_word' id='word_1_77' title='bbox 501 825 968 906; x_wconf 78' lang='lat' dir='ltr'>repugnantibus</span> <span class='ocrx_word' id='word_1_78' title='bbox 995 823 1262 889; x_wconf 87' lang='lat' dir='ltr'>Numidis</span> <span class='ocrx_word' id='word_1_79' title='bbox 1294 825 1467 906; x_wconf 83' lang='lat' dir='ltr'>capit,</span> <span class='ocrx_word' id='word_1_80' title='bbox 1492 825 1680 904; x_wconf 90' lang='lat' dir='ltr'>plura,</span> <span class='ocrx_word' id='word_1_81' title='bbox 1719 826 1951 902; x_wconf 85' lang='lat' dir='ltr'>deserta</span> <span class='ocrx_word' id='word_1_82' title='bbox 1976 837 2218 910; x_wconf 85' lang='lat' dir='ltr'>propter</span> 
     </span>
     <span class='ocr_line' id='line_1_10' title="bbox 30 911 2221 992; baseline 0.001 -18"><span class='ocrx_word' id='word_1_83' title='bbox 30 912 432 992; x_wconf 75' lang='lat' dir='ltr'>‘Capsensium</span> <span class='ocrx_word' id='word_1_84' title='bbox 471 911 768 986; x_wconf 83' lang='lat' dir='ltr'>miserias,</span> <span class='ocrx_word' id='word_1_85' title='bbox 814 911 931 992; x_wconf 83' lang='lat' dir='ltr'>igni</span> <span class='ocrx_word' id='word_1_86' title='bbox 987 911 1350 992; x_wconf 78' lang='lat' dir='ltr'>corrumpit3&#39;</span> <span class='ocrx_word' id='word_1_87' title='bbox 1381 912 1543 974; x_wconf 85' lang='lat' dir='ltr'>luctu</span> <span class='ocrx_word' id='word_1_88' title='bbox 1581 920 1758 991; x_wconf 86' lang='lat' dir='ltr'>atque</span> <span class='ocrx_word' id='word_1_89' title='bbox 1803 911 1983 974; x_wconf 84' lang='lat' dir='ltr'>caede</span> <span class='ocrx_word' id='word_1_90' title='bbox 2024 916 2221 976; x_wconf 81' lang='lat' dir='ltr'>omnia</span> 
     </span>
     <span class='ocr_line' id='line_1_11' title="bbox 49 997 2223 1078; baseline 0.001 -19"><span class='ocrx_word' id='word_1_91' title='bbox 49 999 436 1078; x_wconf 83' lang='lat' dir='ltr'>complentur.</span> <span class='ocrx_word' id='word_1_92' title='bbox 489 998 754 1078; x_wconf 90' lang='lat' dir='ltr'>Denique</span> <span class='ocrx_word' id='word_1_93' title='bbox 795 997 991 1058; x_wconf 88' lang='lat' dir='ltr'>multis</span> <span class='ocrx_word' id='word_1_94' title='bbox 1023 998 1172 1059; x_wconf 89' lang='lat' dir='ltr'>locis</span> <span class='ocrx_word' id='word_1_95' title='bbox 1209 997 1461 1077; x_wconf 73' lang='lat' dir='ltr'>potitus»,</span> <span class='ocrx_word' id='word_1_96' title='bbox 1510 1017 1580 1058; x_wconf 89' lang='lat' dir='ltr'>ac</span> <span class='ocrx_word' id='word_1_97' title='bbox 1626 998 1925 1078; x_wconf 88' lang='lat' dir='ltr'>plerisque</span> <span class='ocrx_word' id='word_1_98' title='bbox 1964 999 2223 1063; x_wconf 86' lang='lat' dir='ltr'>exercitu</span> 
     </span>
     <span class='ocr_line' id='line_1_12' title="bbox 45 1082 2222 1166; baseline 0 -18"><span class='ocrx_word' id='word_1_99' title='bbox 45 1084 384 1158; x_wconf 73' lang='lat' dir='ltr'>incruento,</span> <span class='ocrx_word' id='word_1_100' title='bbox 426 1082 596 1146; x_wconf 86' lang='lat' dir='ltr'>aliam</span> <span class='ocrx_word' id='word_1_101' title='bbox 636 1103 760 1150; x_wconf 83' lang='lat' dir='ltr'>rem</span> <span class='ocrx_word' id='word_1_102' title='bbox 799 1084 1135 1164; x_wconf 76' lang='lat' dir='ltr'>aggreditur</span> <span class='ocrx_word' id='word_1_103' title='bbox 1161 1103 1284 1146; x_wconf 91' lang='lat' dir='ltr'>non</span> <span class='ocrx_word' id='word_1_104' title='bbox 1319 1083 1525 1144; x_wconf 90' lang='lat' dir='ltr'>eadem</span> <span class='ocrx_word' id='word_1_105' title='bbox 1564 1086 1894 1164; x_wconf 85' lang='lat' dir='ltr'>asperitate,</span> <span class='ocrx_word' id='word_1_106' title='bbox 1922 1103 2035 1165; x_wconf 87' lang='lat' dir='ltr'>qua</span> <span class='ocrx_word' id='word_1_107' title='bbox 2064 1085 2222 1166; x_wconf 87' lang='lat' dir='ltr'>Cap-</span> 
     </span>
     <span class='ocr_line' id='line_1_13' title="bbox 47 1169 2226 1250; baseline 0.001 -21"><span class='ocrx_word' id='word_1_108' title='bbox 47 1169 343 1244; x_wconf 88' lang='lat' dir='ltr'>sensium,</span> <span class='ocrx_word' id='word_1_109' title='bbox 386 1181 640 1234; x_wconf 86' lang='lat' dir='ltr'>ceterum</span> <span class='ocrx_word' id='word_1_110' title='bbox 681 1171 840 1232; x_wconf 91' lang='lat' dir='ltr'>haud</span> <span class='ocrx_word' id='word_1_111' title='bbox 881 1189 1058 1230; x_wconf 87' lang='lat' dir='ltr'>secus</span> <span class='ocrx_word' id='word_1_112' title='bbox 1097 1169 1415 1229; x_wconf 84' lang='lat' dir='ltr'>difficilem.</span> <span class='ocrx_word' id='word_1_113' title='bbox 1470 1169 1734 1249; x_wconf 85' lang='lat' dir='ltr'>Namque</span> <span class='ocrx_word' id='word_1_114' title='bbox 1770 1171 1929 1232; x_wconf 85' lang='lat' dir='ltr'>haud</span> <span class='ocrx_word' id='word_1_115' title='bbox 1969 1171 2147 1250; x_wconf 85' lang='lat' dir='ltr'>longe</span> <span class='ocrx_word' id='word_1_116' title='bbox 2188 1189 2226 1232; x_wconf 89' lang='lat' dir='ltr'>a</span> 
     </span>
     <span class='ocr_line' id='line_1_14' title="bbox 47 1254 2226 1336; baseline -0 -18"><span class='ocrx_word' id='word_1_117' title='bbox 47 1256 290 1318; x_wconf 82' lang='lat' dir='ltr'>flumine</span> <span class='ocrx_word' id='word_1_118' title='bbox 316 1255 610 1331; x_wconf 84' lang='lat' dir='ltr'>Mulucha,</span> <span class='ocrx_word' id='word_1_119' title='bbox 642 1259 803 1336; x_wconf 84' lang='lat' dir='ltr'>quod</span> <span class='ocrx_word' id='word_1_120' title='bbox 822 1254 1141 1334; x_wconf 83' lang='lat' dir='ltr'>Iugurthae</span> <span class='ocrx_word' id='word_1_121' title='bbox 1163 1254 1504 1334; x_wconf 89' lang='lat' dir='ltr'>Bocchique</span> <span class='ocrx_word' id='word_1_122' title='bbox 1540 1274 1793 1334; x_wconf 86' lang='lat' dir='ltr'>regnum</span> <span class='ocrx_word' id='word_1_123' title='bbox 1835 1256 2226 1336; x_wconf 86' lang='lat' dir='ltr'>disiungebat,</span> 
     </span>
     <span class='ocr_line' id='line_1_15' title="bbox 54 1341 2226 1422; baseline 0.001 -19"><span class='ocrx_word' id='word_1_124' title='bbox 54 1350 178 1403; x_wconf 90' lang='lat' dir='ltr'>erat</span> <span class='ocrx_word' id='word_1_125' title='bbox 211 1341 368 1404; x_wconf 90' lang='lat' dir='ltr'>inter</span> <span class='ocrx_word' id='word_1_126' title='bbox 409 1350 666 1404; x_wconf 83' lang='lat' dir='ltr'>ceteram</span> <span class='ocrx_word' id='word_1_127' title='bbox 691 1341 992 1422; x_wconf 87' lang='lat' dir='ltr'>planitiem</span> <span class='ocrx_word' id='word_1_128' title='bbox 1029 1359 1203 1402; x_wconf 86' lang='lat' dir='ltr'>mons</span> <span class='ocrx_word' id='word_1_129' title='bbox 1234 1358 1469 1414; x_wconf 75' lang='lat' dir='ltr'>saxeuS,</span> <span class='ocrx_word' id='word_1_130' title='bbox 1497 1342 1783 1404; x_wconf 88' lang='lat' dir='ltr'>mediocri</span> <span class='ocrx_word' id='word_1_131' title='bbox 1809 1343 2063 1404; x_wconf 80' lang='lat' dir='ltr'>castello‘</span> <span class='ocrx_word' id='word_1_132' title='bbox 2082 1343 2226 1406; x_wconf 84' lang='lat' dir='ltr'>satis</span> 
     </span>
     <span class='ocr_line' id='line_1_16' title="bbox 45 1427 2229 1508; baseline 0.002 -20"><span class='ocrx_word' id='word_1_133' title='bbox 45 1436 296 1508; x_wconf 86' lang='lat' dir='ltr'>patens,</span> <span class='ocrx_word' id='word_1_134' title='bbox 330 1427 394 1488; x_wconf 88' lang='lat' dir='ltr'>in</span> <span class='ocrx_word' id='word_1_135' title='bbox 427 1427 781 1490; x_wconf 86' lang='lat' dir='ltr'>immensum</span> <span class='ocrx_word' id='word_1_136' title='bbox 823 1427 1045 1504; x_wconf 79' lang='lat' dir='ltr'>editus,</span> <span class='ocrx_word' id='word_1_137' title='bbox 1075 1447 1195 1488; x_wconf 90' lang='lat' dir='ltr'>uno</span> <span class='ocrx_word' id='word_1_138' title='bbox 1233 1436 1593 1507; x_wconf 86' lang='lat' dir='ltr'>perangusto</span> <span class='ocrx_word' id='word_1_139' title='bbox 1631 1429 1793 1493; x_wconf 88' lang='lat' dir='ltr'>aditu</span> <span class='ocrx_word' id='word_1_140' title='bbox 1820 1429 2052 1504; x_wconf 89' lang='lat' dir='ltr'>relicto,</span> <span class='ocrx_word' id='word_1_141' title='bbox 2086 1447 2229 1492; x_wconf 87' lang='lat' dir='ltr'>nam</span> 
     </span>
     <span class='ocr_line' id='line_1_17' title="bbox 49 1512 2229 1596; baseline 0.003 -22"><span class='ocrx_word' id='word_1_142' title='bbox 49 1514 251 1575; x_wconf 90' lang='lat' dir='ltr'>omnis</span> <span class='ocrx_word' id='word_1_143' title='bbox 283 1524 494 1575; x_wconf 86' lang='lat' dir='ltr'>natura</span> <span class='ocrx_word' id='word_1_144' title='bbox 531 1513 690 1576; x_wconf 86' lang='lat' dir='ltr'>velut</span> <span class='ocrx_word' id='word_1_145' title='bbox 723 1531 910 1594; x_wconf 54' lang='lat' dir='ltr'>opere⁸</span> <span class='ocrx_word' id='word_1_146' title='bbox 941 1521 1116 1594; x_wconf 87' lang='lat' dir='ltr'>atque</span> <span class='ocrx_word' id='word_1_147' title='bbox 1150 1512 1421 1596; x_wconf 72' lang='lat' dir='ltr'>eonsulto</span> <span class='ocrx_word' id='word_1_148' title='bbox 1450 1533 1760 1596; x_wconf 70' lang='lat' dir='ltr'>praeceps,</span> <span class='ocrx_word' id='word_1_149' title='bbox 1804 1516 1993 1590; x_wconf 85' lang='lat' dir='ltr'>Quem</span> <span class='ocrx_word' id='word_1_150' title='bbox 2029 1516 2229 1581; x_wconf 84' lang='lat' dir='ltr'>locum</span> 
     </span>
     <span class='ocr_line' id='line_1_18' title="bbox 43 1599 2227 1680; baseline 0.001 -18"><span class='ocrx_word' id='word_1_151' title='bbox 43 1599 290 1673; x_wconf 83' lang='lat' dir='ltr'>Marius,</span> <span class='ocrx_word' id='word_1_152' title='bbox 329 1601 489 1678; x_wconf 88' lang='lat' dir='ltr'>quod</span> <span class='ocrx_word' id='word_1_153' title='bbox 519 1599 600 1661; x_wconf 90' lang='lat' dir='ltr'>ibi</span> <span class='ocrx_word' id='word_1_154' title='bbox 635 1599 792 1680; x_wconf 85' lang='lat' dir='ltr'>regis</span> <span class='ocrx_word' id='word_1_155' title='bbox 829 1600 1091 1660; x_wconf 87' lang='lat' dir='ltr'>thesauri</span> <span class='ocrx_word' id='word_1_156' title='bbox 1129 1610 1316 1672; x_wconf 88' lang='lat' dir='ltr'>erant,</span> <span class='ocrx_word' id='word_1_157' title='bbox 1354 1618 1587 1661; x_wconf 89' lang='lat' dir='ltr'>summa</span> <span class='ocrx_word' id='word_1_158' title='bbox 1622 1601 1679 1662; x_wconf 82' lang='lat' dir='ltr'>v&#39;i</span> <span class='ocrx_word' id='word_1_159' title='bbox 1716 1620 1928 1680; x_wconf 85' lang='lat' dir='ltr'>capere</span> <span class='ocrx_word' id='word_1_160' title='bbox 1957 1602 2227 1665; x_wconf 89' lang='lat' dir='ltr'>intendit.</span> 
     </span>
     <span class='ocr_line' id='line_1_19' title="bbox 45 1685 2228 1766; baseline 0.001 -18"><span class='ocrx_word' id='word_1_161' title='bbox 45 1687 174 1748; x_wconf 82' lang='lat' dir='ltr'>Sed</span> <span class='ocrx_word' id='word_1_162' title='bbox 200 1703 266 1746; x_wconf 90' lang='lat' dir='ltr'>ea</span> <span class='ocrx_word' id='word_1_163' title='bbox 289 1703 388 1747; x_wconf 87' lang='lat' dir='ltr'>res</span> <span class='ocrx_word' id='word_1_164' title='bbox 413 1687 565 1748; x_wconf 77' lang='lat' dir='ltr'>sorte</span> <span class='ocrx_word' id='word_1_165' title='bbox 587 1705 759 1766; x_wconf 85' lang='lat' dir='ltr'>quam</span> <span class='ocrx_word' id='word_1_166' title='bbox 784 1685 1031 1746; x_wconf 86' lang='lat' dir='ltr'>consilio</span> <span class='ocrx_word' id='word_1_167' title='bbox 1061 1685 1277 1746; x_wconf 90' lang='lat' dir='ltr'>melius</span> <span class='ocrx_word' id='word_1_168' title='bbox 1302 1694 1485 1764; x_wconf 82' lang='lat' dir='ltr'>gesta.</span> <span class='ocrx_word' id='word_1_169' title='bbox 1530 1686 1679 1746; x_wconf 91' lang='lat' dir='ltr'>Nam</span> <span class='ocrx_word' id='word_1_170' title='bbox 1705 1685 1943 1747; x_wconf 85' lang='lat' dir='ltr'>castello</span> <span class='ocrx_word' id='word_1_171' title='bbox 1970 1689 2228 1750; x_wconf 73' lang='lat' dir='ltr'>virorum</span> 
     </span>
     <span class='ocr_line' id='line_1_20' title="bbox 45 1770 2230 1852; baseline 0.001 -20"><span class='ocrx_word' id='word_1_172' title='bbox 45 1782 228 1852; x_wconf 87' lang='lat' dir='ltr'>atque</span> <span class='ocrx_word' id='word_1_173' title='bbox 247 1789 545 1834; x_wconf 86' lang='lat' dir='ltr'>armorum</span> <span class='ocrx_word' id='word_1_174' title='bbox 574 1773 734 1842; x_wconf 77' lang='lat' dir='ltr'>satiS,</span> <span class='ocrx_word' id='word_1_175' title='bbox 771 1788 982 1848; x_wconf 80' lang='lat' dir='ltr'>magna</span> <span class='ocrx_word' id='word_1_176' title='bbox 1008 1770 1096 1831; x_wconf 84' lang='lat' dir='ltr'>vis</span> <span class='ocrx_word' id='word_1_177' title='bbox 1133 1772 1411 1833; x_wconf 84' lang='lat' dir='ltr'>frumenti</span> <span class='ocrx_word' id='word_1_178' title='bbox 1440 1779 1497 1834; x_wconf 87' lang='lat' dir='ltr'>et</span> <span class='ocrx_word' id='word_1_179' title='bbox 1522 1772 1660 1832; x_wconf 81' lang='lat' dir='ltr'>fons</span> <span class='ocrx_word' id='word_1_180' title='bbox 1684 1789 1889 1851; x_wconf 89' lang='lat' dir='ltr'>aquae,</span> <span class='ocrx_word' id='word_1_181' title='bbox 1918 1772 2230 1850; x_wconf 82' lang='lat' dir='ltr'>aggeribus</span> 
     </span>
     <span class='ocr_line' id='line_1_21' title="bbox 45 1855 2228 1938; baseline -0.001 -18"><span class='ocrx_word' id='word_1_182' title='bbox 45 1855 437 1937; x_wconf 87' lang='lat' dir='ltr'>turribusque</span> <span class='ocrx_word' id='word_1_183' title='bbox 463 1867 521 1919; x_wconf 90' lang='lat' dir='ltr'>et</span> <span class='ocrx_word' id='word_1_184' title='bbox 543 1858 670 1918; x_wconf 89' lang='lat' dir='ltr'>aliis</span> <span class='ocrx_word' id='word_1_185' title='bbox 697 1856 1229 1918; x_wconf 79' lang='lat' dir='ltr'>machinationibus</span> <span class='ocrx_word' id='word_1_186' title='bbox 1252 1856 1419 1918; x_wconf 81' lang='lat' dir='ltr'>locus</span> <span class='ocrx_word' id='word_1_187' title='bbox 1444 1857 1853 1938; x_wconf 79' lang='lat' dir='ltr'>importunus3</span> <span class='ocrx_word' id='word_1_188' title='bbox 1877 1857 1990 1918; x_wconf 88' lang='lat' dir='ltr'>iter</span> <span class='ocrx_word' id='word_1_189' title='bbox 2016 1857 2228 1919; x_wconf 89' lang='lat' dir='ltr'>castel-</span> 
     </span>
     <span class='ocr_line' id='line_1_22' title="bbox 45 1941 2229 2025; baseline -0.001 -18"><span class='ocrx_word' id='word_1_190' title='bbox 45 1941 325 2008; x_wconf 90' lang='lat' dir='ltr'>lanorum</span> <span class='ocrx_word' id='word_1_191' title='bbox 371 1952 684 2023; x_wconf 88' lang='lat' dir='ltr'>angustum</span> <span class='ocrx_word' id='word_1_192' title='bbox 729 1943 1078 2017; x_wconf 85' lang='lat' dir='ltr'>admodum,</span> <span class='ocrx_word' id='word_1_193' title='bbox 1119 1943 1407 2023; x_wconf 86' lang='lat' dir='ltr'>utrimque</span> <span class='ocrx_word' id='word_1_194' title='bbox 1440 1943 1791 2025; x_wconf 87' lang='lat' dir='ltr'>praecisum.</span> <span class='ocrx_word' id='word_1_195' title='bbox 1844 1943 2061 2005; x_wconf 88' lang='lat' dir='ltr'>Vineae</span> <span class='ocrx_word' id='word_1_196' title='bbox 2096 1960 2229 2006; x_wconf 87' lang='lat' dir='ltr'>cum</span> 
     </span>
     <span class='ocr_line' id='line_1_23' title="bbox 47 2029 2231 2111; baseline -0.001 -18"><span class='ocrx_word' id='word_1_197' title='bbox 47 2030 282 2111; x_wconf 86' lang='lat' dir='ltr'>ingenti</span> <span class='ocrx_word' id='word_1_198' title='bbox 315 2030 578 2109; x_wconf 88' lang='lat' dir='ltr'>periculo</span> <span class='ocrx_word' id='word_1_199' title='bbox 618 2032 838 2092; x_wconf 84' lang='lat' dir='ltr'>frustra</span> <span class='ocrx_word' id='word_1_200' title='bbox 876 2029 1221 2109; x_wconf 85' lang='lat' dir='ltr'>agebantur,</span> <span class='ocrx_word' id='word_1_201' title='bbox 1256 2048 1391 2091; x_wconf 88' lang='lat' dir='ltr'>nam</span> <span class='ocrx_word' id='word_1_202' title='bbox 1433 2049 1610 2109; x_wconf 88' lang='lat' dir='ltr'>quum</span> <span class='ocrx_word' id='word_1_203' title='bbox 1634 2048 1737 2093; x_wconf 88' lang='lat' dir='ltr'>eae</span> <span class='ocrx_word' id='word_1_204' title='bbox 1758 2030 1957 2111; x_wconf 88' lang='lat' dir='ltr'>paullo</span> <span class='ocrx_word' id='word_1_205' title='bbox 1980 2050 2231 2111; x_wconf 89' lang='lat' dir='ltr'>proces-</span> 
     </span>
     <span class='ocr_line' id='line_1_24' title="bbox 51 2114 2231 2198; baseline -0.001 -20"><span class='ocrx_word' id='word_1_206' title='bbox 51 2124 274 2188; x_wconf 87' lang='lat' dir='ltr'>serant,</span> <span class='ocrx_word' id='word_1_207' title='bbox 299 2114 420 2195; x_wconf 83' lang='lat' dir='ltr'>igni</span> <span class='ocrx_word' id='word_1_208' title='bbox 445 2126 544 2179; x_wconf 91' lang='lat' dir='ltr'>aut</span> <span class='ocrx_word' id='word_1_209' title='bbox 563 2116 862 2197; x_wconf 89' lang='lat' dir='ltr'>lapidibus</span> <span class='ocrx_word' id='word_1_210' title='bbox 891 2116 1446 2197; x_wconf 80' lang='lat' dir='ltr'>corrumpebantur3</span> <span class='ocrx_word' id='word_1_211' title='bbox 1468 2116 1683 2179; x_wconf 88' lang='lat' dir='ltr'>milites</span> <span class='ocrx_word' id='word_1_212' title='bbox 1700 2135 1895 2197; x_wconf 90' lang='lat' dir='ltr'>neque</span> <span class='ocrx_word' id='word_1_213' title='bbox 1915 2136 2029 2197; x_wconf 88' lang='lat' dir='ltr'>pro</span> <span class='ocrx_word' id='word_1_214' title='bbox 2050 2135 2231 2198; x_wconf 88' lang='lat' dir='ltr'>opere</span> 
     </span>
     <span class='ocr_line' id='line_1_25' title="bbox 19 2198 2231 2285; baseline -0 -22"><span class='ocrx_word' id='word_1_215' title='bbox 19 2206 26 2215; x_wconf 89' lang='grc'><em>“</em></span> <span class='ocrx_word' id='word_1_216' title='bbox 51 2203 384 2265; x_wconf 85' lang='lat' dir='ltr'>consistere</span> <span class='ocrx_word' id='word_1_217' title='bbox 413 2212 659 2285; x_wconf 85' lang='lat' dir='ltr'>propter</span> <span class='ocrx_word' id='word_1_218' title='bbox 693 2202 1058 2283; x_wconf 86' lang='lat' dir='ltr'>iniquitatem</span> <span class='ocrx_word' id='word_1_219' title='bbox 1087 2203 1221 2277; x_wconf 90' lang='lat' dir='ltr'>loci,</span> <span class='ocrx_word' id='word_1_220' title='bbox 1257 2221 1454 2281; x_wconf 91' lang='lat' dir='ltr'>neque</span> <span class='ocrx_word' id='word_1_221' title='bbox 1477 2198 1645 2264; x_wconf 83' lang='lat' dir='ltr'>&#39;inter</span> <span class='ocrx_word' id='word_1_222' title='bbox 1675 2203 1877 2263; x_wconf 87' lang='lat' dir='ltr'>vineas</span> <span class='ocrx_word' id='word_1_223' title='bbox 1910 2202 2040 2263; x_wconf 89' lang='lat' dir='ltr'>sine</span> <span class='ocrx_word' id='word_1_224' title='bbox 2071 2202 2231 2282; x_wconf 90' lang='lat' dir='ltr'>peri·-</span> 
     </span>
     <span class='ocr_line' id='line_1_26' title="bbox 52 2286 2229 2369; baseline -0.001 -18"><span class='ocrx_word' id='word_1_225' title='bbox 52 2290 187 2351; x_wconf 90' lang='lat' dir='ltr'>culo</span> <span class='ocrx_word' id='word_1_226' title='bbox 227 2288 674 2363; x_wconf 85' lang='lat' dir='ltr'>administrare,</span> <span class='ocrx_word' id='word_1_227' title='bbox 714 2300 992 2369; x_wconf 89' lang='lat' dir='ltr'>optumus</span> <span class='ocrx_word' id='word_1_228' title='bbox 1029 2289 1279 2368; x_wconf 90' lang='lat' dir='ltr'>quisque</span> <span class='ocrx_word' id='word_1_229' title='bbox 1327 2287 1541 2349; x_wconf 88' lang='lat' dir='ltr'>cadere</span> <span class='ocrx_word' id='word_1_230' title='bbox 1576 2296 1677 2351; x_wconf 86' lang='lat' dir='ltr'>aut</span> <span class='ocrx_word' id='word_1_231' title='bbox 1710 2288 1989 2362; x_wconf 89' lang='lat' dir='ltr'>sauciari,</span> <span class='ocrx_word' id='word_1_232' title='bbox 2021 2286 2229 2349; x_wconf 85' lang='lat' dir='ltr'>ceteris</span> 
     </span>
     <span class='ocr_line' id='line_1_27' title="bbox 47 2384 496 2437; baseline -0.007 0"><span class='ocrx_word' id='word_1_233' title='bbox 47 2384 247 2437; x_wconf 89' lang='lat' dir='ltr'>metus</span> <span class='ocrx_word' id='word_1_234' title='bbox 273 2391 347 2437; x_wconf 86' lang='lat' dir='ltr'>au</span> <span class='ocrx_word' id='word_1_235' title='bbox 391 2393 496 2435; x_wconf 80' lang='lat' dir='ltr'>en.</span> 
     </span>
    </p>

    <p class='ocr_par' dir='ltr' id='par_1_3' title="bbox 45 2392 2234 3487">
     <span class='ocr_line' id='line_1_28' title="bbox 183 2392 2231 2541; baseline -0.001 -20"><span class='ocrx_word' id='word_1_236' title='bbox 183 2392 570 2541; x_wconf 66' lang='lat' dir='ltr'>Cap.gXC111.</span> <span class='ocrx_word' id='word_1_237' title='bbox 607 2460 682 2521; x_wconf 78' lang='lat' dir='ltr'>At</span> <span class='ocrx_word' id='word_1_238' title='bbox 699 2457 936 2531; x_wconf 74' lang='lat' dir='ltr'>MariuS,</span> <span class='ocrx_word' id='word_1_239' title='bbox 965 2457 1162 2520; x_wconf 87' lang='lat' dir='ltr'>multis</span> <span class='ocrx_word' id='word_1_240' title='bbox 1190 2455 1401 2518; x_wconf 89' lang='lat' dir='ltr'>diebus</span> <span class='ocrx_word' id='word_1_241' title='bbox 1432 2468 1489 2535; x_wconf 78' lang='lat' dir='ltr'>et</span> <span class='ocrx_word' id='word_1_242' title='bbox 1514 2456 1815 2519; x_wconf 88' lang='lat' dir='ltr'>laboribus</span> <span class='ocrx_word' id='word_1_243' title='bbox 1844 2456 2231 2537; x_wconf 72' lang='lat' dir='ltr'>consumptis„</span> 
     </span>
     <span class='ocr_line' id='line_1_29' title="bbox 49 2539 2233 2625; baseline -0.002 -16"><span class='ocrx_word' id='word_1_244' title='bbox 49 2544 266 2609; x_wconf 79' lang='lat' dir='ltr'>anxius</span> <span class='ocrx_word' id='word_1_245' title='bbox 299 2545 534 2605; x_wconf 88' lang='lat' dir='ltr'>trahere</span> <span class='ocrx_word' id='word_1_246' title='bbox 575 2564 706 2606; x_wconf 88' lang='lat' dir='ltr'>cum</span> <span class='ocrx_word' id='word_1_247' title='bbox 747 2546 944 2605; x_wconf 88' lang='lat' dir='ltr'>animo</span> <span class='ocrx_word' id='word_1_248' title='bbox 983 2562 1122 2617; x_wconf 88' lang='lat' dir='ltr'>su0‚</span> <span class='ocrx_word' id='word_1_249' title='bbox 1162 2539 1533 2605; x_wconf 82' lang='lat' dir='ltr'>omitteretne</span> <span class='ocrx_word' id='word_1_250' title='bbox 1576 2544 1908 2623; x_wconf 87' lang='lat' dir='ltr'>inceptum,</span> <span class='ocrx_word' id='word_1_251' title='bbox 1952 2544 2233 2625; x_wconf 88' lang='lat' dir='ltr'>quoniam</span> 
     </span>
     <span class='ocr_line' id='line_1_30' title="bbox 45 2628 2229 2711; baseline -0.001 -16"><span class='ocrx_word' id='word_1_252' title='bbox 45 2636 271 2695; x_wconf 76' lang='lat' dir='ltr'>frustra</span> <span class='ocrx_word' id='word_1_253' title='bbox 297 2640 456 2704; x_wconf 85' lang='lat' dir='ltr'>erat,</span> <span class='ocrx_word' id='word_1_254' title='bbox 495 2648 570 2693; x_wconf 85' lang='lat' dir='ltr'>an</span> <span class='ocrx_word' id='word_1_255' title='bbox 613 2632 908 2693; x_wconf 72' lang='lat' dir='ltr'>fortunam</span> <span class='ocrx_word' id='word_1_256' title='bbox 957 2628 1351 2709; x_wconf 85' lang='lat' dir='ltr'>opperiretur,</span> <span class='ocrx_word' id='word_1_257' title='bbox 1388 2648 1501 2709; x_wconf 88' lang='lat' dir='ltr'>qua</span> <span class='ocrx_word' id='word_1_258' title='bbox 1544 2648 1721 2711; x_wconf 89' lang='lat' dir='ltr'>saepe</span> <span class='ocrx_word' id='word_1_259' title='bbox 1758 2648 2049 2711; x_wconf 89' lang='lat' dir='ltr'>prospere</span> <span class='ocrx_word' id='word_1_260' title='bbox 2084 2646 2229 2693; x_wconf 72' lang='lat' dir='ltr'>usus</span> 
     </span>
     <span class='ocr_line' id='line_1_31' title="bbox 53 2714 2230 2797; baseline -0.002 -18"><span class='ocrx_word' id='word_1_261' title='bbox 53 2720 268 2781; x_wconf 78' lang='lat' dir='ltr'>fuerat.</span> <span class='ocrx_word' id='word_1_262' title='bbox 315 2718 482 2791; x_wconf 89' lang='lat' dir='ltr'>Quae</span> <span class='ocrx_word' id='word_1_263' title='bbox 511 2735 690 2797; x_wconf 88' lang='lat' dir='ltr'>quum</span> <span class='ocrx_word' id='word_1_264' title='bbox 720 2716 937 2779; x_wconf 86' lang='lat' dir='ltr'>multos</span> <span class='ocrx_word' id='word_1_265' title='bbox 965 2714 1092 2777; x_wconf 89' lang='lat' dir='ltr'>dies</span> <span class='ocrx_word' id='word_1_266' title='bbox 1125 2727 1452 2795; x_wconf 87' lang='lat' dir='ltr'>noctesque</span> <span class='ocrx_word' id='word_1_267' title='bbox 1488 2726 1763 2779; x_wconf 86' lang='lat' dir='ltr'>aestuans</span> <span class='ocrx_word' id='word_1_268' title='bbox 1795 2717 2053 2795; x_wconf 84' lang='lat' dir='ltr'>agitaret,</span> <span class='ocrx_word' id='word_1_269' title='bbox 2080 2716 2230 2777; x_wconf 87' lang='lat' dir='ltr'>forte</span> 
     </span>
     <span class='ocr_line' id='line_1_32' title="bbox 50 2798 2231 2883; baseline -0.001 -18"><span class='ocrx_word' id='word_1_270' title='bbox 50 2804 304 2883; x_wconf 76' lang='lat' dir='ltr'>quidam</span> <span class='ocrx_word' id='word_1_271' title='bbox 331 2803 538 2882; x_wconf 83' lang='lat' dir='ltr'>Ligus,</span> <span class='ocrx_word' id='word_1_272' title='bbox 579 2822 652 2865; x_wconf 86' lang='lat' dir='ltr'>ex</span> <span class='ocrx_word' id='word_1_273' title='bbox 697 2802 1040 2865; x_wconf 85' lang='lat' dir='ltr'>cohortibus</span> <span class='ocrx_word' id='word_1_274' title='bbox 1082 2801 1395 2863; x_wconf 82' lang='lat' dir='ltr'>auxiliariis</span> <span class='ocrx_word' id='word_1_275' title='bbox 1436 2803 1607 2875; x_wconf 84' lang='lat' dir='ltr'>miles</span> <span class='ocrx_word' id='word_1_276' title='bbox 1651 2802 1983 2881; x_wconf 79' lang='lat' dir='ltr'>gregarius,</span> <span class='ocrx_word' id='word_1_277' title='bbox 2027 2798 2231 2863; x_wconf 77' lang='lat' dir='ltr'>eastris</span> 
     </span>
     <span class='ocr_line' id='line_1_33' title="bbox 49 2887 2231 2971; baseline -0.001 -20"><span class='ocrx_word' id='word_1_278' title='bbox 49 2898 332 2971; x_wconf 88' lang='lat' dir='ltr'>aquatum</span> <span class='ocrx_word' id='word_1_279' title='bbox 375 2908 682 2969; x_wconf 85' lang='lat' dir='ltr'>egressus,</span> <span class='ocrx_word' id='word_1_280' title='bbox 713 2888 872 2951; x_wconf 86' lang='lat' dir='ltr'>haud</span> <span class='ocrx_word' id='word_1_281' title='bbox 895 2888 1109 2969; x_wconf 89' lang='lat' dir='ltr'>procul</span> <span class='ocrx_word' id='word_1_282' title='bbox 1131 2887 1207 2948; x_wconf 91' lang='lat' dir='ltr'>ab</span> <span class='ocrx_word' id='word_1_283' title='bbox 1236 2887 1415 2949; x_wconf 86' lang='lat' dir='ltr'>latere</span> <span class='ocrx_word' id='word_1_284' title='bbox 1440 2888 1691 2961; x_wconf 89' lang='lat' dir='ltr'>castelli,</span> <span class='ocrx_word' id='word_1_285' title='bbox 1730 2888 1886 2965; x_wconf 90' lang='lat' dir='ltr'>quod</span> <span class='ocrx_word' id='word_1_286' title='bbox 1914 2887 2231 2951; x_wconf 82' lang='lat' dir='ltr'>advorsum</span> 
     </span>
     <span class='ocr_line' id='line_1_34' title="bbox 51 2972 2232 3057; baseline -0.001 -20"><span class='ocrx_word' id='word_1_287' title='bbox 51 2973 481 3057; x_wconf 86' lang='lat' dir='ltr'>praeliantibus</span> <span class='ocrx_word' id='word_1_288' title='bbox 505 2986 646 3048; x_wconf 88' lang='lat' dir='ltr'>erat,</span> <span class='ocrx_word' id='word_1_289' title='bbox 671 2975 1084 3039; x_wconf 84' lang='lat' dir='ltr'>animadvortit</span> <span class='ocrx_word' id='word_1_290' title='bbox 1109 2973 1265 3035; x_wconf 87' lang='lat' dir='ltr'>inter</span> <span class='ocrx_word' id='word_1_291' title='bbox 1287 2991 1425 3035; x_wconf 89' lang='lat' dir='ltr'>saxa</span> <span class='ocrx_word' id='word_1_292' title='bbox 1460 2973 1723 3053; x_wconf 85' lang='lat' dir='ltr'>repentis</span> <span class='ocrx_word' id='word_1_293' title='bbox 1750 2972 2053 3047; x_wconf 83' lang='lat' dir='ltr'>cochleas3</span> <span class='ocrx_word' id='word_1_294' title='bbox 2087 2991 2232 3053; x_wconf 90' lang='lat' dir='ltr'>qua-</span> 
     </span>
     <span class='ocr_line' id='line_1_35' title="bbox 55 3057 2234 3141; baseline -0.001 -17"><span class='ocrx_word' id='word_1_295' title='bbox 55 3078 194 3125; x_wconf 82' lang='lat' dir='ltr'>rum</span> <span class='ocrx_word' id='word_1_296' title='bbox 220 3079 400 3141; x_wconf 87' lang='lat' dir='ltr'>quum</span> <span class='ocrx_word' id='word_1_297' title='bbox 431 3078 606 3123; x_wconf 90' lang='lat' dir='ltr'>unam</span> <span class='ocrx_word' id='word_1_298' title='bbox 633 3066 807 3141; x_wconf 89' lang='lat' dir='ltr'>atque</span> <span class='ocrx_word' id='word_1_299' title='bbox 833 3062 1070 3123; x_wconf 87' lang='lat' dir='ltr'>alteram</span> <span class='ocrx_word' id='word_1_300' title='bbox 1099 3060 1235 3121; x_wconf 89' lang='lat' dir='ltr'>dein</span> <span class='ocrx_word' id='word_1_301' title='bbox 1262 3060 1463 3139; x_wconf 87' lang='lat' dir='ltr'>plures</span> <span class='ocrx_word' id='word_1_302' title='bbox 1492 3069 1737 3140; x_wconf 86' lang='lat' dir='ltr'>peteret,</span> <span class='ocrx_word' id='word_1_303' title='bbox 1764 3059 1960 3120; x_wconf 89' lang='lat' dir='ltr'>studio</span> <span class='ocrx_word' id='word_1_304' title='bbox 1990 3057 2234 3137; x_wconf 83' lang='lat' dir='ltr'>legundi</span> 
     </span>
     <span class='ocr_line' id='line_1_36' title="bbox 51 3144 2233 3231; baseline -0.001 -22"><span class='ocrx_word' id='word_1_305' title='bbox 51 3146 361 3231; x_wconf 85' lang='lat' dir='ltr'>paullatim</span> <span class='ocrx_word' id='word_1_306' title='bbox 399 3165 588 3227; x_wconf 87' lang='lat' dir='ltr'>prope</span> <span class='ocrx_word' id='word_1_307' title='bbox 619 3147 691 3207; x_wconf 90' lang='lat' dir='ltr'>ad</span> <span class='ocrx_word' id='word_1_308' title='bbox 724 3166 1017 3211; x_wconf 88' lang='lat' dir='ltr'>summum</span> <span class='ocrx_word' id='word_1_309' title='bbox 1052 3146 1273 3209; x_wconf 87' lang='lat' dir='ltr'>montis</span> <span class='ocrx_word' id='word_1_310' title='bbox 1310 3164 1586 3225; x_wconf 86' lang='lat' dir='ltr'>egressus</span> <span class='ocrx_word' id='word_1_311' title='bbox 1618 3154 1727 3207; x_wconf 89' lang='lat' dir='ltr'>est.</span> <span class='ocrx_word' id='word_1_312' title='bbox 1770 3144 1883 3207; x_wconf 91' lang='lat' dir='ltr'>Ubi</span> <span class='ocrx_word' id='word_1_313' title='bbox 1917 3155 2233 3226; x_wconf 87' lang='lat' dir='ltr'>postquam</span> 
     </span>
     <span class='ocr_line' id='line_1_37' title="bbox 53 3230 2231 3331; baseline -0.003 -34"><span class='ocrx_word' id='word_1_314' title='bbox 53 3234 440 3297; x_wconf 85' lang='lat' dir='ltr'>solitudinem</span> <span class='ocrx_word' id='word_1_315' title='bbox 477 3230 786 3306; x_wconf 84' lang='lat' dir='ltr'>intellexit,</span> <span class='ocrx_word' id='word_1_316' title='bbox 829 3252 997 3295; x_wconf 87' lang='lat' dir='ltr'>more</span> <span class='ocrx_word' id='word_1_317' title='bbox 1034 3232 1255 3331; x_wconf 75' lang='lat' dir='ltr'>ingenii</span> <span class='ocrx_word' id='word_1_318' title='bbox 1287 3233 1555 3306; x_wconf 88' lang='lat' dir='ltr'>humani,</span> <span class='ocrx_word' id='word_1_319' title='bbox 1593 3231 1808 3311; x_wconf 89' lang='lat' dir='ltr'>cupido</span> <span class='ocrx_word' id='word_1_320' title='bbox 1850 3231 2101 3293; x_wconf 86' lang='lat' dir='ltr'>difficilia</span> <span class='ocrx_word' id='word_1_321' title='bbox 2142 3232 2231 3293; x_wconf 80' lang='lat' dir='ltr'>fa-</span> 
     </span>
     <span class='ocr_line' id='line_1_38' title="bbox 51 3317 2231 3397; baseline -0.002 -14"><span class='ocrx_word' id='word_1_322' title='bbox 51 3319 256 3383; x_wconf 87' lang='lat' dir='ltr'>ciundi</span> <span class='ocrx_word' id='word_1_323' title='bbox 289 3320 548 3383; x_wconf 89' lang='lat' dir='ltr'>animum</span> <span class='ocrx_word' id='word_1_324' title='bbox 579 3317 813 3379; x_wconf 79' lang='lat' dir='ltr'>invadit</span> <span class='ocrx_word' id='word_1_325' title='bbox 867 3320 940 3381; x_wconf 86' lang='lat' dir='ltr'>Et</span> <span class='ocrx_word' id='word_1_326' title='bbox 972 3320 1122 3379; x_wconf 84' lang='lat' dir='ltr'>forte</span> <span class='ocrx_word' id='word_1_327' title='bbox 1163 3318 1227 3379; x_wconf 88' lang='lat' dir='ltr'>in</span> <span class='ocrx_word' id='word_1_328' title='bbox 1263 3337 1333 3381; x_wconf 88' lang='lat' dir='ltr'>eo</span> <span class='ocrx_word' id='word_1_329' title='bbox 1372 3320 1511 3381; x_wconf 90' lang='lat' dir='ltr'>loco</span> <span class='ocrx_word' id='word_1_330' title='bbox 1529 3319 1766 3397; x_wconf 80' lang='lat' dir='ltr'>grandis</span> <span class='ocrx_word' id='word_1_331' title='bbox 1792 3317 1907 3379; x_wconf 86' lang='lat' dir='ltr'>ilex</span> <span class='ocrx_word' id='word_1_332' title='bbox 1940 3319 2231 3379; x_wconf 87' lang='lat' dir='ltr'>coaluerat</span> 
     </span>
     <span class='ocr_line' id='line_1_39' title="bbox 52 3402 2229 3487; baseline -0.001 -18"><span class='ocrx_word' id='word_1_333' title='bbox 52 3408 218 3471; x_wconf 84' lang='lat' dir='ltr'>inter</span> <span class='ocrx_word' id='word_1_334' title='bbox 249 3424 408 3479; x_wconf 86' lang='lat' dir='ltr'>saxa,</span> <span class='ocrx_word' id='word_1_335' title='bbox 444 3406 706 3487; x_wconf 89' lang='lat' dir='ltr'>paullum</span> <span class='ocrx_word' id='word_1_336' title='bbox 741 3405 919 3467; x_wconf 87' lang='lat' dir='ltr'>modo</span> <span class='ocrx_word' id='word_1_337' title='bbox 955 3422 1163 3484; x_wconf 84' lang='lat' dir='ltr'>prona,</span> <span class='ocrx_word' id='word_1_338' title='bbox 1191 3405 1325 3467; x_wconf 88' lang='lat' dir='ltr'>dein</span> <span class='ocrx_word' id='word_1_339' title='bbox 1363 3406 1509 3467; x_wconf 78' lang='lat' dir='ltr'>flexa</span> <span class='ocrx_word' id='word_1_340' title='bbox 1545 3414 1719 3483; x_wconf 87' lang='lat' dir='ltr'>atque</span> <span class='ocrx_word' id='word_1_341' title='bbox 1754 3413 1922 3467; x_wconf 89' lang='lat' dir='ltr'>aucta</span> <span class='ocrx_word' id='word_1_342' title='bbox 1946 3405 2008 3465; x_wconf 89' lang='lat' dir='ltr'>in</span> <span class='ocrx_word' id='word_1_343' title='bbox 2033 3402 2229 3471; x_wconf 75' lang='lat' dir='ltr'>aititu-</span> 
     </span>
    </p>
   </div>
   <div class='ocr_carea' id='block_1_3' title="bbox 55 3488 2333 3571">
    <p class='ocr_par' dir='ltr' id='par_1_4' title="bbox 55 3488 2333 3571">
     <span class='ocr_line' id='line_1_40' title="bbox 55 3488 2333 3571; baseline -0.002 -16"><span class='ocrx_word' id='word_1_344' title='bbox 55 3494 280 3565; x_wconf 57' lang='lat' dir='ltr'>flumem,</span> <span class='ocrx_word' id='word_1_345' title='bbox 309 3512 428 3571; x_wconf 89' lang='lat' dir='ltr'>quo</span> <span class='ocrx_word' id='word_1_346' title='bbox 451 3502 657 3555; x_wconf 89' lang='lat' dir='ltr'>cuncta</span> <span class='ocrx_word' id='word_1_347' title='bbox 675 3490 1035 3571; x_wconf 82' lang='lat' dir='ltr'>gignentium</span> <span class='ocrx_word' id='word_1_348' title='bbox 1055 3501 1263 3553; x_wconf 82' lang='lat' dir='ltr'>nat-ura</span> <span class='ocrx_word' id='word_1_349' title='bbox 1282 3491 1611 3566; x_wconf 68' lang='lat' dir='ltr'>semetrius</span> <span class='ocrx_word' id='word_1_350' title='bbox 1628 3490 1807 3551; x_wconf 85' lang='lat' dir='ltr'>ramis</span> <span class='ocrx_word' id='word_1_351' title='bbox 1827 3489 2023 3561; x_wconf 91' lang='lat' dir='ltr'>modo,</span> <span class='ocrx_word' id='word_1_352' title='bbox 2046 3488 2227 3551; x_wconf 86' lang='lat' dir='ltr'>modo</span> <span class='ocrx_word' id='word_1_353' title='bbox 2322 3532 2333 3539; x_wconf 76' lang='lat'><em>-</em></span> 
     </span>
    </p>
   </div>
   <div class='ocr_carea' id='block_1_4' title="bbox 54 3573 2228 3719">
    <p class='ocr_par' dir='ltr' id='par_1_5' title="bbox 54 3573 2228 3719">
     <span class='ocr_line' id='line_1_41' title="bbox 54 3573 2228 3719; baseline -0.002 -78"><span class='ocrx_word' id='word_1_354' title='bbox 54 3577 460 3641; x_wconf 87' lang='lat' dir='ltr'>eminentibus</span> <span class='ocrx_word' id='word_1_355' title='bbox 493 3578 648 3641; x_wconf 85' lang='lat' dir='ltr'>saxis</span> <span class='ocrx_word' id='word_1_356' title='bbox 673 3577 836 3641; x_wconf 87' lang='lat' dir='ltr'>nisus</span> <span class='ocrx_word' id='word_1_357' title='bbox 857 3576 1084 3659; x_wconf 81' lang='lat' dir='ltr'>Ligus</span> <span class='ocrx_word' id='word_1_358' title='bbox 1067 3595 1129 3639; x_wconf 87' lang='lat' dir='ltr'>m</span> <span class='ocrx_word' id='word_1_359' title='bbox 1157 3577 1389 3639; x_wconf 80' lang='lat' dir='ltr'>castelli</span> <span class='ocrx_word' id='word_1_360' title='bbox 1410 3576 1708 3659; x_wconf 88' lang='lat' dir='ltr'>planitiem</span> <span class='ocrx_word' id='word_1_361' title='bbox 1735 3573 2025 3719; x_wconf 55' lang='lat' dir='ltr'>pervenit,</span> <span class='ocrx_word' id='word_1_362' title='bbox 2066 3575 2228 3653; x_wconf 85' lang='lat' dir='ltr'>quod</span> 
     </span>
    </p>
   </div>
  </div>
 </body>
</html>
