2400 3900
831 0 2258 88 CAT1L1N.9.7--12.7

163 129 264 198 C
279 147 312 190 a
324 148 385 210 p.
396 128 483 192 Χ.
507 126 654 193 Sed
680 124 780 188 ubi
802 124 1006 192 labore
1041 131 1239 208 atque
1246 121 1463 208 iustitia
1492 125 1827 204 respublica
1854 123 2051 202 crevit,
2086 143 2259 203 reges

79 199 288 293 magni
324 211 478 276 bello
507 200 742 298 domiti,
787 211 1082 273 nationes.
1095 195 1255 273 ferae
1289 214 1349 270 et
1364 209 1611 306 ‘populi
1617 212 1888 290 ingentes,
1921 231 1979 272 u
2014 209 2259 293 subacti,

75 301 410 380 Carthago
423 295 698 388 aemula
683 296 914 382 imperii
946 291 1197 374 Romani
1230 295 1303 356 ab
1328 294 1535 391 stirpe
1556 295 1789 373 interiit,
1836 303 2051 376 cuncta
2080 298 2263 372 maria

73 399 404 467 terraeque
428 374 724 482 patebant,
762 383 986 448 saevire
1011 385 1267 459 fortuna
1280 399 1350 440 ac
1384 381 1635 463 miscere
1660 384 1854 460 omnia
1884 383 2103 462 caepit.
2150 385 2266 482 Qui

73 474 344 546 laboreS,
384 465 666 556 pericula,
697 471 907 544 dubias
943 477 1120 550 atque
1153 457 1411 548 asperas
1417 486 1515 529 res
1530 454 1715 546 'facile
1751 472 2157 548 toleraverant,
2182 471 2263 536 iis

76 560 274 622 otium
327 559 694 640 divitiaeque,
726 557 986 640 optanda
1019 556 1167 636 aliis,
1216 555 1380 615 oneri
1417 553 1802 640 miseriaeque
1836 559 2023 632 fuere.
2072 555 2267 635 Igitur

74 646 308 726 primo
321 646 622 726 pecuniae,
671 643 888 706 deinde
923 642 1162 722 imperii
1188 634 1401 738 cupido
1437 641 1649 717 crevit3
1688 661 1777 702 ea
1778 643 1957 720 quasi
1990 644 2263 718 materies

75 731 366 794 οιιιιιιιιιιι
381 733 672 794 malorum
701 731 883 794 fuere.
927 725 1192 808 Namque
1222 727 1457 790 avaritia
1480 729 1677 801 fidem,
1707 728 2054 809 probitatem
2106 739 2266 792 cete·

77 837 308 898 rasque
356 827 509 880 artes
551 817 746 878 bonas
785 815 1102 888 subvertit,
1145 832 1260 893 pro
1309 813 1401 874 his
1437 815 1793 894 superbiam,
1844 814 2265 890 crudelitatem,

80 906 240 966 deos
291 904 623 1000 neglegere,
669 903 864 964 omnia
914 901 1133 964 venalia
1183 899 1402 973 habere
1445 902 1723 978 edocuit,
1764 899 2001 962 ambitio
2050 901 2267 968 multos

77 987 358 1051 mortalis
403 989 585 1052 salsos
631 989 760 1050 fieri
801 988 1064 1067 subegit,
1113 985 1271 1048 aliud
1316 987 1581 1052 clausum
1626 987 1689 1048 ιιι
1719 993 1977 1066 pectore,
2015 985 2171 1048 aliud
2204 988 2265 1054 iu

79 1077 294 1155 lingua
341 1083 690 1161 promptum
714 1076 964 1148 habere·
1010 1072 1289 1136 amicitias
1330 1071 1779 1170 inimicitiasque
1816 1091 1937 1135 non
1962 1091 2031 1132 ex
2066 1091 2133 1132 re
2160 1075 2269 1134 sed

83 1182 161 1224 ex
201 1152 519 1227 commodo
557 1170 892 1224 aestumare
922 1160 1229 1238 magisque
1259 1159 1481 1220 voltum
1518 1178 1689 1238 quam
1712 1159 2033 1238 ingenium
2024 1157 2271 1226 bonum

80 1249 333 1310 habere.
387 1249 548 1310 Haec
581 1248 772 1344 primo
809 1245 1112 1327 paulatim
1119 1262 1412 1318 crescere,
1446 1245 1740 1306 interdum
1775 1244 2073 1319 vindicari,
2116 1255 2269 1342 post,

88 1334 196 1396 ubi
243 1335 518 1430 contagio
559 1333 727 1416 quasi
763 1333 1094 1412 pestilentia
1117 1331 1349 1406 invasit,
1384 1321 1585 1394 civitas
1606 1332 1925 1406 immutata,
1960 1331 2271 1410 imperium

89 1440 166 1492 ex
205 1419 556 1484 iustissumo
595 1427 770 1499 atque
799 1427 1041 1499 optumo
1079 1418 1317 1479 crudele
1343 1411 1915 1498 intolerandumque
1925 1419 2162 1480 factum.

136 1553 148 1570 ι
225 1493 388 1586 Cap.
418 1506 517 1582 XI.
563 1507 682 1567 Sed
699 1506 890 1585 primo
919 1505 1106 1584 magis
1129 1503 1368 1566 ambitio
1388 1521 1565 1584 quam
1583 1505 1816 1567 avaritia
1834 1504 2061 1571 animos
2079 1505 2273 1566 homi·-

87 1611 238 1652 num
283 1593 607 1668 exercebat,
657 1594 818 1672 quod
858 1600 1053 1654 tamen
1086 1590 1288 1652 vitium
1324 1592 1571 1670 propius
1609 1591 1879 1655 virtutem
1917 1597 2058 1654 erat.
2104 1591 2272 1654 Nam

91 1677 358 1759 gloriam,
387 1678 738 1780 honorem,
722 1679 1032 1776 imperium
1055 1678 1249 1740 bonus
1274 1677 1367 1738 et
1349 1695 1596 1755 ignavus
1620 1694 1805 1755 aeque
1832 1675 1945 1737 sibi
1966 1683 2274 1755 exoptant·

91 1765 202 1824 sed
227 1764 338 1824 ille
350 1765 486 1826 vera
510 1765 600 1826 via
637 1765 854 1838 nititur,
892 1764 1030 1826 huic
1067 1762 1201 1842 quia
1244 1763 1433 1834 bonae
1478 1770 1633 1824 artes
1666 1764 1915 1837 desunt,
1928 1762 2077 1825 dolis
2101 1769 2275 1841 atque

91 1850 338 1910 fallaciis
377 1852 697 1912 contendit.
743 1850 992 1912 Avaritia
1027 1849 1313 1931 pecuniae
1352 1850 1615 1918 studium
1644 1849 1841 1922 habet,
1888 1867 2063 1928 quam
2098 1867 2271 1911 nemo

95 1935 334 2016 sapiens
363 1937 728 2017 concupivit3
751 1956 818 2001 ea
847 1936 1014 2017 quasi
1037 1935 1281 1998 venenis
1306 1935 1720 2001 malis-imbuta
1744 1951 1961 2015 corpus
1984 1935 2276 1997 animum-

97 2041 217 2101 que
241 2024 460 2087 virilem
483 2024 794 2097 effeminat,
833 2042 1070 2104 semper
1092 2023 1337 2097 infinita,
1360 2023 1705 2091 insatiabilis
1730 2030 1839 2096 est,
1875 2040 2067 2103 neque
2102 2021 2275 2101 copia

99 2128 292 2187 neque
342 2110 540 2191 inopia
590 2111 888 2175 minuitur.
966 2111 1086 2171 Sed
1130 2111 1545 2191 postquam,L.
1582 2111 1759 2183 Sulla,
1802 2108 1988 2177 ,armis
2030 2114 2274 2187 recepta

95 2196 414 2275 republica,
457 2198 632 2261 bonis
675 2197 855 2259 initiis
893 2198 1084 2259 malos
1135 2204 1375 2259 eventus
1408 2194 1633 2275 habuit,
1668 2214 1878 2275 rapere
1901 2212 2129 2269 omneS,
2150 2202 2274 2255 tra-
2390 2220 2392 2269 3

97 2281 260 2354 here,
299 2283 542 2347 domum
569 2284 735 2357 aliuS,
771 2282 918 2345 alius
959 2301 1134 2361 agros
1159 2300 1619 2361 caperon-‚neque
1640 2282 1883 2343 modum
1907 2298 2103 2359 neque
2136 2298 2271 2341 mo-

100 2368 347 2443 destiam
392 2368 644 2432 victores
692 2366 932 2443 babere,
991 2368 1163 2429 foeda
1207 2367 1583 2445 crudeliaque
1631 2367 1692 2429 in
1739 2365 1963 2429 civibus
2012 2365 2275 2428 facinora

98 2454 309 2514 facere.
357 2453 843 2527 Huc-accedebat,
869 2455 1030 2534 quod
1053 2453 1120 2515 L.
1143 2452 1304 2513 Sulla
1325 2452 1659 2527 exercitum,
1685 2470 1860 2532 quem
1886 2452 1949 2515 ιιι
1972 2452 2107 2513 Asia
2128 2452 2275 2513 duc·-

101 2547 338 2613 taverat,
383 2538 502 2619 quo
541 2540 650 2603 sibi
693 2540 876 2603 fidum
911 2540 1145 2613 faceret,
1183 2547 1387 2601 contra
1411 2557 1639 2601 morem
1662 2538 1945 2604 maiorum
1969 2538 2273 2601 luxuriose
2390 2564 2392 2579 =

100 2625 392 2705 nimisque
417 2626 734 2697 liberaliter
765 2626 1070 2690 habuerat.
1137 2625 1297 2695 Loca
1332 2644 1596 2699 amoena,
1652 2626 1979 2705 voluptaria
2012 2626 2181 2687 facile
2210 2624 2274 2685 in
2388 2642 2392 2680 ,ι

103 2711 221 2771 οιιο
246 2714 476 2785 feroces
495 2714 745 2777 militum
765 2713 992 2778 animos
1019 2710 1404 2777 molliverant.
1448 2712 1536 2775 Ibi
1557 2712 1816 2792 primum·
1828 2711 2085 2773 insuevit
2104 2729 2275 2774 exer-

107 2796 248 2871 citus
273 2798 476 2877 populi
501 2801 752 2865 Romani
779 2818 994 2874 amare,
1028 2808 1251 2879 potare,
1276 2798 1463 2877 signa,
1487 2798 1715 2863 tabulas
1729 2798 1945 2879 pictaS,
1970 2813 2112 2857 vasa
2136 2813 2276 2856 cae-

7 2896 26 2943 ·.
105 2864 217 2945 lata
236 2883 452 2957 mirari,
470 2904 541 2945 ea
565 2887 832 2965 privatim
867 2902 938 2949 ac
971 2886 1210 2965 publice
1245 2902 1473 2983 rapere,
1512 2885 1759 2949 deluBra
1792 2883 2067 2962 spoliare,
2084 2898 2277 2944 sacra

105 2930 494 3049 profanaque
503 2974 698 3038 omnia
733 2973 1016 3055 polluere.
1083 2971 1266 3050 igitur
1306 2968 1349 3031 ιι
1381 2970 1593 3033 milites
1624 2977 1937 3051 postquam
1972 2968 2275 3030 victoriam

109 3056 298 3135 adepti
333 3064 474 3119 sunt
508 3057 652 3119 nihil
689 3060 895 3140 reliqui
923 3058 1090 3121 victis
1126 3060 1351 3121 fecere.
1408 3057 1641 3137 Quippe
1686 3054 1987 3119 sec‘u'ndae
2036 3074 2132 3116 res
2176 3072 2277 3116 sa-

109 3142 384 3222 pientium
405 3142 500 3209 ani
507 3163 639 3208 mos
659 3146 918 3251 fatigant,
937 3161 1014 3207 ne
1035 3143 1118 3207 illi
1143 3144 1438 3225 corruptis
1459 3144 1727 3227 moribus
1745 3140 2019 3204 victoriae
2040 3150 2275 3221 tempe-

111 3237 320 3292 tarent.

233 3316 270 3377 C
287 3335 316 3376 a
332 3334 390 3394 p.
418 3315 542 3377 XII.
585 3314 904 3393 Postquam
931 3314 1161 3377 divitiae
1187 3315 1416 3381 honori
1432 3333 1567 3382 esse
1586 3322 1841 3395 coepere
1852 3323 1924 3375 οι
1941 3333 2042 3375 eas
2070 3312 2273 3392 gloria,

8 3452 31 3473 ‚,
115 3401 442 3481 imperium,
467 3402 726 3481 potentia
761 3401 1136 3481 sequebatur,
1180 3402 1507 3466 hebescere
1544 3401 1745 3474 virtus,
1781 3408 2097 3482 paupertas
2133 3417 2277 3479 pro-

23 3482 30 3491 ’
118 3488 214 3560 bro
239 3486 460 3561 haberi,
486 3489 818 3559 innocentia
836 3506 945 3569 pro
969 3489 1374 3559 malevolentia
1402 3486 1773 3567 ducicoepit.
1798 3485 1999 3565 ‚Igitur
2026 3503 2101 3547 ex
2126 3485 2281 3547 divi-.
