2400 3900
613 131 828 196 BELL.
871 132 1234 196 IUGURTH.
1257 151 1334 198 ,c-
1365 131 1464 195 13.
1487 133 1590 197 14.
2111 139 2194 202 41

28 251 187 328 [tuis]
232 250 518 332 regnique
548 252 891 332 participem
924 253 1131 326 fecisti,
1168 253 1221 314 is
1257 250 1651 333 potissumum
1687 255 1886 337 stirpis
1921 262 2058 318 tuae
2096 278 2201 322 ex-

25 337 243 398 tinctor
260 335 379 400 sit?
424 339 831 420 Numquamne
858 357 999 417 erge
1026 338 1242 400 familia
1263 344 1462 400 nostra
1481 339 1858 418 quieta-erit?
1884 360 2198 424 semperne

22 423 87 484 in
122 425 431 502 sanguine,
466 426 641 500 ferro,
682 427 819 504 suga
854 422 1229 486 versabitur?
1289 425 1442 488 Dum
1466 424 1944 506 Cathaginienscs
1967 429 2199 494 incoln-

18 528 155 572 mes
190 511 374 586 fuere,
428 511 555 574 iure
594 512 791 574 omnia
830 530 1005 572 saeva
1042 511 1440 591 patiebamur;
1486 511 1692 576 hostes
1737 513 1811 576 ab
1845 515 2046 591 latere,
2093 537 2198 581 vos

21 595 197 658 amici
227 597 455 678 procul,
492 616 635 677 spes
669 598 865 660 omnis
902 596 965 658 in
1004 597 1185 660 armis
1221 605 1366 659 erat.
1426 596 1746 678 Postquam
1779 600 1876 661 illa
1912 605 2100 680 pestis
2127 623 2199 666 ex

16 681 216 744 Africa
242 683 427 746 eiecta
450 693 559 759 est,
582 685 721 746 laeti
743 701 950 763 pacem
976 683 1365 762 agitabamus,
1393 683 1612 764 quippe
1637 684 1768 764 quis
1791 685 1980 748 hostis
2003 689 2199 754 nullus

20 776 166 843 erat,
194 769 311 832 nisi
336 771 489 832 sorte
520 788 703 850 quem
725 788 831 832 vos
866 768 1210 833 iussissetis,
1255 771 1410 834 Ecce
1428 777 1628 836 autem
1655 789 1726 832 ex
1753 769 2074 851 improviso
2099 778 2200 838 lu·

18 857 234 934 gurtha
249 857 619 918 intoleranda
640 854 903 930 audacia,
918 857 1141 920 scelere
1158 864 1336 938 atque
1351 855 1632 937 superbia
1649 874 1716 918 se
1733 859 2005 932 efferens,
2019 863 2200 924 fratre

16 961 159 1004 meo
192 950 375 1021 atque
410 942 627 1004 eodem
648 942 983 1022 propinquo
1006 963 1115 1006 suo
1142 943 1476 1018 interfecto,
1510 942 1766 1023 primum
1789 961 2038 1022 regnum
2069 947 2199 1008 eius

9 1027 263 1090 sceleris
280 1027 375 1089 sui
393 1029 671 1107 praedam
688 1028 846 1103 fecit,
868 1038 1025 1109 post,
1044 1030 1149 1092 ubi
1166 1049 1264 1094 me
1280 1029 1492 1092 iisdem
1513 1029 1663 1092 dolis
1681 1049 1802 1092 non
1823 1029 1950 1110 quit
1968 1049 2200 1110 capere,

10 1113 169 1174 nihil
197 1113 393 1174 minus
432 1133 609 1194 quam
644 1115 761 1176 vim
796 1123 896 1178 aut
918 1116 1135 1180 bellum
1172 1123 1581 1195 expectantem
1617 1117 1680 1177 in
1703 1115 1954 1196 imperio
1975 1127 2219 1192 vostro,-

9 1199 193 1261 sicuti
213 1199 441 1274 videtis,
470 1209 759 1262 extorrem
768 1202 986 1281 epatria,
1011 1202 1212 1276 domo,
1239 1204 1482 1281 inopem
1503 1211 1560 1262 et
1579 1210 1926 1286 coopertum
1945 1203 2202 1266 miseriis

12 1287 229 1358 effecit,
265 1296 333 1348 ut
364 1285 555 1348 ubivis
578 1287 761 1350 tutius
786 1305 963 1366 quam
986 1287 1051 1348 in
1075 1307 1210 1348 meo
1234 1302 1422 1366 regno
1450 1303 1666 1349 essem.
1719 1289 1848 1367 Ego
1871 1289 1956 1350 sic
1977 1289 2202 1352 existu-

9 1373 285 1446 mabam,
339 1372 550 1436 Patres
598 1373 939 1454 conscripti,
985 1379 1051 1436 ut
1100 1373 1540 1453 praedicantem
1586 1375 1924 1436 audiveram
1969 1385 2200 1456 patrem

8 1477 239 1532 meum,
275 1458 377 1537 qui
408 1468 669 1522 vostram
700 1459 1009 1523 amicitiam
1048 1460 1357 1540 diligenter
1393 1462 1672 1534 colerent,
1713 1481 1818 1522 eos
1843 1461 2092 1525 multum
2115 1463 2202 1524 la-

8 1543 229 1606 borem
266 1544 591 1624 suscipere,
632 1553 889 1609 ceterum
922 1565 991 1607 ex
1028 1548 1306 1610 omnibus
1328 1565 1602 1608 maxume
1623 1554 1782 1609 tutos
1808 1566 1962 1609 esse.
2025 1549 2200 1623 Quod

7 1631 77 1693 in
104 1629 323 1692 familia
346 1639 550 1693 nostra
567 1631 693 1706 fuit,
718 1633 1026 1712 praestitit,
1051 1634 1147 1696 uti·
1160 1634 1224 1707 in
1250 1633 1526 1694 omnibus
1547 1632 1975 1695 bellis¹adesset
1999 1637 2202 1711 volsis,

8 1737 131 1778 nos
158 1717 241 1780 uti
270 1736 381 1797 per
404 1719 587 1780 otium
612 1718 723 1782 tuti
746 1719 934 1780 simus·
962 1719 1023 1781 in
1048 1729 1249 1781 vostra
1275 1737 1455 1780 manu
1481 1725 1590 1791 est,
1627 1718 1832 1779 Patres
1861 1722 2202 1800 conscripti.

8 1805 197 1866 Pater
220 1822 335 1864 nos
363 1799 515 1866 duos
541 1805 751 1866 fratres
774 1804 1025 1884 reliquit,
1060 1806 1316 1880 tertium,
1341 1805 1700 1882 Iugurtham,
1735 1804 2040 1866 beneficiis
2077 1807 2204 1868 suis

5 1901 183 1967 ratus
210 1897 303 1954 est
334 1886 715 1953 coniunctum
739 1891 913 1953 nobis
942 1892 1101 1968 fore3
1132 1892 1518 1954 altereorum
1544 1901 1788 1953 necatus
1815 1897 1924 1966 est,
1959 1891 2200 1953 alterius

8 1978 152 2057 ipse
174 1994 519 2055 ego,manus
536 1976 745 2057 impias
764 1978 869 2039 vix·
885 1980 1079 2059 effugi.
1127 1979 1284 2052 Quid
1305 1978 1472 2059 agam
1486 1976 1518 2039 ‘l
1545 1986 1644 2039 aut
1661 1996 1782 2057 quo
1801 1979 2200 2059 potissumum

8 2062 223 2125 infelix
244 2061 572 2126 accedam?
612 2064 855 2126 Generis
879 2065 1173 2145 praesidia
1196 2067 1395 2127 omnia
1417 2064 1698 2126 exstincta
1725 2076 1880 2136 sunt,
1905 2073 2090 2145 pater,
2116 2064 2203 2126 uti

8 2166 275 2211 necesse
302 2160 444 2225 erat,
474 2160 721 2213 naturae
748 2151 1069 2227 concessi&
1102 2152 1286 2226 frah-i,
1321 2170 1500 2231 quem
1521 2151 1780 2227 minume
1807 2151 2023 2224 decuit,
2057 2168 2201 2229 pro-

8 2237 281 2317 pinquus
334 2256 445 2316 per
497 2237 691 2299 scelus
737 2238 913 2299 vitam
958 2237 1205 2317 eripuit3
1249 2238 1480 2311 adfinis,
1529 2238 1770 2309 amicos,
1829 2236 2203 2317 propinquos

8 2330 255 2385 ceteros
312 2322 523 2400 [meos]
580 2323 758 2383 alium
806 2323 916 2383 alia
955 2324 1148 2384 clades
1203 2323 1534 2401 oppressit,
1585 2323 1740 2400 capti
1795 2322 1868 2381 ab
1921 2321 2204 2399 Iugurtha

8 2428 161 2491 pars
200 2408 263 2469 in
300 2426 536 2469 crucem
562 2408 693 2481 acti,
723 2424 861 2487 pars
890 2406 1097 2469 hestiis
1124 2407 1370 2483 obiecti3
1406 2405 1600 2487 pauci,
1637 2406 1852 2486 quibus
1876 2406 2080 2469 relicta
2113 2414 2204 2467 est

8 2495 232 2567 anima,
280 2494 463 2554 clausi
494 2494 557 2553 in
590 2493 853 2554 tenebris
890 2490 1025 2553 cum
1056 2512 1330 2553 moerore
1365 2500 1424 2553 et
1451 2493 1614 2555 luctu
1650 2504 1840 2554 morte
1871 2493 2202 2571 graviorem

8 2582 196 2643 vitam
220 2578 479 2658 exigunt.
522 2578 587 2641 Si
610 2578 825 2654 omnia,
862 2598 1019 2657 quae
1038 2587 1147 2643 aut,
1162 2578 1333 2641 amisi
1363 2588 1462 2641 aut
1479 2596 1556 2640 ex
1577 2579 1932 2640 necessariis
1951 2582 2204 2641 advorsa

8 2670 173 2729 facta
198 2674 353 2740 sunt,
386 2665 1057 2740 incolumiaimanerent,
1100 2673 1319 2740 tamen,
1361 2665 1412 2726 si
1452 2664 1692 2745 quidex
1717 2664 2043 2746 improviso
2065 2660 2204 2726 mali

8 2750 359 2826 accidisset,
395 2770 501 2813 vos
532 2752 931 2832 implorarem,
965 2754 1171 2814 Patres
1209 2751 1546 2831 conscripti,
1585 2750 1799 2831 quibus
1835 2770 1946 2833 pro
1971 2750 2203 2829 magni·

8 2838 229 2903 tudine
260 2836 492 2917 imperii
524 2838 622 2901 ius
646 2846 708 2901 et
736 2838 985 2901 iniurias
1026 2839 1222 2900 omnis
1245 2856 1420 2900 curae
1457 2856 1588 2899 esse
1628 2838 1816 2898 decet.
1862 2838 2034 2899 Nunc
2058 2849 2202 2896 vero

8 2922 198 2988 exsul
219 2922 423 3003 patria,
452 2924 654 2999 domo,
677 2926 843 2987 solus
866 2935 1043 3005 atque
1068 2924 1334 2986 omnium
1360 2924 1752 2985 honestarum
1772 2940 1970 2984 rerum
1998 2938 2201 3001 egens,

8 3031 140 3093 quo
168 3009 447 3071 accedam
474 3018 577 3071 aut
601 3008 1117 3092 quosnppellem?
1154 3010 1506 3071 nationesne
1527 3026 1604 3071 an
1625 3025 1818 3089 regim,
1857 3008 1956 3089 qui
1993 3026 2204 3071 omnes

8 3095 279 3163 familiae
301 3098 554 3157 'nostrae
581 3095 657 3157 ob
686 3106 945 3160 vostram
984 3095 1298 3178 amic-inam
1332 3096 1530 3157 infesti
1570 3092 1759 3156 sunt?
1790 3106 1868 3155 ‘an
1905 3112 2202 3175 quoquam

8 3182 167 3248 mihi
199 3182 368 3245 adire
400 3182 557 3256 licet,
598 3181 703 3245 uhi
736 3202 861 3245 non
895 3184 1183 3245 maiorum
1221 3200 1492 3245 meorum
1536 3180 1771 3243 hostilia
1815 3189 2202 3244 monumenta

8 3268 275 3353 plurima
312 3266 476 3331 sint?
512 3274 613 3329 aut
650 3268 961 3349 quisquam
985 3268 1177 3331 nostri
1200 3268 1470 3331 misereri
1503 3276 1721 3348 potest,
1759 3267 1858 3346 qui
1885 3268 2202 3347 aliquando

8 3354 193 3419 vobis
215 3350 583 3429 hostisfuit?
626 3354 936 3417 Postremo
960 3355 1271 3417 Masinissa
1295 3368 1412 3416 nos
1437 3356 1512 3415 ita
1537 3353 1801 3427 instituit,
1826 3354 2028 3415 Patres
2055 3369 2200 3414 con-

8 3442 247 3521 scripti,
274 3460 352 3503 ne
378 3457 553 3521 quem
574 3441 922 3515 coleremus,
943 3442 1059 3502 nisi
1080 3442 1366 3521 populum
1389 3441 1738 3514 Romanum,
1766 3458 1840 3500 ne
1867 3440 2198 3509 societateS,

8 3536 104 3595 he
146 3528 389 3589 foedera
423 3546 574 3590 nova
612 3522 1049 3607 acciperemus3
1090 3525 1324 3587 abunde
1362 3539 1573 3603 magna
1601 3526 1894 3605 praesidia
1927 3523 2102 3585 nohis
2135 3522 2199 3585 in

8 3622 233 3679 vostra
256 3613 509 3677 anticitia
528 3616 687 3695 fore3
722 3615 777 3676 si
798 3615 941 3677 huic
976 3612 1228 3694 imperio
1251 3613 1490 3673 fortuna
1507 3618 1850 3685 mutaretur,
1883 3628 2000 3671 una
2039 3607 2200 3671 occi-
