2400 3900
830 37 1148 98 CATlLlN.
1196 55 1248 98 c.
1273 34 1314 93 2
1327 69 1409 80 —-
1421 33 1484 98 7.
1683 33 1690 58 ¹
2209 41 2252 102 5

66 159 265 232 dolus,
309 157 523 231 vai-iiis,
572 156 741 218 cuius
786 157 875 218 rei
916 158 1079 219 lubet
1120 156 1426 218 simulator
1472 175 1544 217 ac
1589 156 2016 234 dissimulator,
2075 158 2252 224 alieni

61 251 379 342 appetens,
420 242 517 304 sui
538 243 838 324 profusus„
872 231 1091 306 ardens
1122 243 1184 304 in
1211 241 1658 321 cupiditatibus-3
1695 243 1838 305 satis
1861 244 2250 325 eloquentiae,

62 330 393 412 sapientiae
428 347 671 410 parum·
702 338 901 392 vastus
934 331 1163 392 animus
1207 329 1614 404 immoderata,
1645 329 2031 407 inm-odibilia,
2074 331 2252 394 nimis

60 421 180 480 alta
214 434 455 496 semper
490 415 785 496 cupiebat.
838 417 1013 478 Hunc
1048 421 1186 497 post
1223 414 1684 477 dominationem
1715 419 1782 478 L.
1818 417 2015 479 Sullae
2047 417 2252 480 lubido

56 521 340 566 maxuma
372 504 670 564 invaserat
702 503 1061 582 reipublicae
1094 501 1442 582 capiundae,
1485 519 1680 580 neque
1717 503 1778 564 id
1807 503 2020 584 quibus
2057 504 2252 566 modis

59 598 503 670 assequeretur,
527 589 685 661 dum
707 590 823 650 sibi
846 607 1098 688 regnum
1117 594 1372 668 pararet,
1411 588 1748 685 quidquam
1770 590 1940 668 pensi
1973 590 2256 653 habebat.

57 677 411 756 Agitabatur
438 676 629 756 magis
667 676 977 754 magisque
1006 675 1069 736 in
1104 674 1234 736 dies
1267 674 1498 736 animus
1533 675 1699 735 femx
1731 673 1930 756 inopia
1967 677 2054 737 rei
2081 677 2254 738 sanii-

57 763 226 825 liaris
265 772 325 826 et
376 761 738 824 conscientia
771 762 1079 836 scelerum,
1118 777 1272 841 quae
1301 769 1552 840 utraque
1598 759 1672 821 iis
1718 759 1946 822 artibus
1991 772 2256 839 auxerat,

58 867 216 930 quas
252 865 433 927 supra
470 847 811 912 memoravi.
862 847 1192 910 lncitabant
1225 856 1533 929 praeterea
1569 846 1835 926 corrupti
1857 846 2099 910 civitatis
2121 867 2258 910 mo-

56 955 187 1010 reS,
216 951 369 1013 quos
394 949 675 1035 pessuma
704 951 776 995 ac
796 933 1027 995 diversa
1050 935 1208 995 inter
1231 953 1300 995 se
1329 934 1500 1008 mala,
1539 932 1766 994 luxuria
1793 941 1970 1012 atque
1995 936 2256 1010 avaritia,

56 1022 373 1082 vexabant.
428 1021 547 1081 Res
582 1021 711 1102 ipsa
746 1019 969 1084 hortari
1005 1021 1253 1096 videtur,
1294 1021 1570 1120 quoniam
1609 1020 1686 1081 de
1719 1019 1988 1081 moribus
2013 1019 2260 1082 civitatis

59 1119 307 1186 tempus
326 1101 652 1181 admonuit,
680 1125 864 1188 supra
884 1115 1155 1187 repetere
1178 1125 1250 1168 ac
1269 1107 1472 1186 paucis
1496 1105 1762 1168 instituta
1783 1105 2072 1167 maiorum
2092 1106 2262 1168 domi

61 1193 442 1272 militiaeque,
468 1194 771 1273 quomodo
796 1191 1223 1274 rempublicam
1245 1193 1558 1254 habuerint
1585 1201 1978 1272 quantamque
2001 1193 2262 1272 relique-

60 1282 204 1353 rint,
229 1289 294 1340 ut
331 1279 611 1358 paulatim
634 1280 940 1342 immutata
968 1297 1040 1339 ex
1062 1277 1482 1358 pulcherruma
1509 1287 1682 1358 atque
1709 1287 1948 1359 optuma
1969 1295 2252 1360 pessuma

65 1385 143 1427 ac
168 1365 649 1442 flagitiosissuma
668 1367 819 1428 facta
840 1365 934 1439 sit,
959 1365 1276 1426 disserere.

204 1452 372 1530 Cap.
398 1450 493 1512 Vl.
539 1450 757 1513 Urbem
784 1452 1049 1528 Romam,
1097 1452 1272 1514 sicuti
1315 1470 1424 1530 ego
1470 1451 1688 1530 aecepi,
1729 1449 2046 1516 condidere
2081 1461 2264 1530 atque

62 1537 337 1599 habuero
372 1536 541 1598 initio
576 1537 838 1612 Tmiani,
888 1539 988 1618 qui
1020 1540 1227 1599 Aenea
1273 1537 1426 1598 duce
1469 1538 1703 1617 profugi
1735 1537 1977 1602 sedibus
2010 1535 2258 1598 incertis

63 1622 449 1700 vagabantur,
486 1619 833 1704 cum'queiis
862 1623 1232 1703 Aborigines,
1269 1641 1458 1702 genus
1491 1623 1799 1684 hominum
1838 1632 2088 1701 agreste,
2127 1621 2266 1684 sine

63 1708 320 1787 legibuS,
348 1709 478 1770 sine
508 1709 761 1790 imperio
794 1710 1043 1772 liberum
1082 1715 1254 1792 atque
1277 1710 1554 1769 solutum.
1610 1708 1682 1768 Hi
1718 1718 2034 1787 postquam
2057 1710 2120 1768 in
2139 1725 2262 1770 una

66 1797 308 1857 moenia
334 1813 684 1870 convenere,
722 1796 943 1876 dispari
971 1793 1206 1874 genere,
1246 1794 1510 1856 dissimili
1535 1793 1750 1874 lingua,
1779 1793 1923 1855 alius
1948 1794 2059 1854 alio
2087 1808 2260 1854 more

65 1883 355 1956 viventes,
404 1881 749 1943 incredibile
800 1889 1128 1944 memoratu
1178 1888 1280 1942 est·
1303 1899 1476 1962 quam
1515 1881 1706 1942 facile‘
1729 1880 2069 1942 coaluerint.
2137 1879 2262 1942 Sed

66 1978 393 2051 postquam
428 1986 527 2029 res
566 1986 773 2031 eorum
808 1969 1051 2044 civibuS‚
1076 1968 1361 2043 moribus,
1399 1967 1553 2047 agris
1578 1976 1766 2040 aucta,
1794 1969 1935 2029 satis
1971 1984 2262 2048 prospera

69 2054 339 2134 satisque
374 2055 605 2135 pollens
652 2054 985 2131 videbatur,
1030 2056 1204 2117 sicuti
1249 2057 1530 2135 pleraque
1571 2053 1902 2117 mortalium
1945 2054 2262 2135 habentur,
2322 2116 2332 2129 ⁸

67 2140 290 2201 invidia
320 2159 391 2202 ex
412 2143 711 2222 opulentia
740 2150 870 2203 orta
896 2152 1007 2205 est.
1077 2142 1260 2222 Igitur
1283 2158 1454 2220 reges
1479 2141 1804 2221 populique
1825 2140 2077 2202 finitumi
2102 2138 2265 2200 bello

66 2235 320 2300 tentare,
360 2228 531 2307 pauci
566 2246 639 2289 ex
674 2228 878 2289 amicis
914 2228 1129 2290 auxilio
1167 2246 1320 2302 esse,
1357 2244 1497 2287 nam
1537 2228 1718 2288 ceteri
1746 2230 1912 2287 metu
1943 2220 2200 2304 perculsi
2226 2242 2264 2287 a

62 2311 353 2393 periculis
392 2312 657 2375 aberant.
724 2316 799 2375 At
830 2314 1083 2375 Romani
1122 2314 1284 2375 domi
1321 2312 1674 2391 militiaeque
1708 2311 1914 2372 intenti
1951 2311 2264 2391 festinare,

62 2417 303 2481 parare,
334 2398 483 2460 alius
511 2400 689 2459 alium
714 2399 956 2473 hortari,
981 2399 1253 2459 hostibus
1273 2396 1540 2459 obviam
1523 2414 1629 2471 ire,
1647 2396 1992 2471 libertatem,
2011 2382 2263 2477 patriani

64 2494 471 2567 parentesque
508 2484 688 2545 armis
724 2492 947 2563 tegere.
989 2484 1153 2558 Post,
1186 2484 1290 2546 ubi
1322 2482 1583 2563 pericula
1609 2484 1820 2547 virtute
1851 2472 2261 2563 propulerant,

67 2572 251 2653 sociis
276 2580 450 2651 atque
476 2570 679 2631 amicis
705 2571 920 2631 auxilia
940 2570 1272 2651 portabant,
1311 2570 1616 2649 magisque
1645 2570 1854 2631 dandis
1891 2588 2065 2650 quam
2103 2570 2264 2630 acci-

66 2644 307 2757 piundis
334 2656 637 2719 beneficiis
664 2657 947 2719 amicitias
968 2656 1276 2738 parabant.
1312 2657 1628 2737 Imperium
1650 2656 2015 2757 legitumhm,
2036 2669 2260 2717 nomen

64 2744 307 2821 imperii
338 2743 567 2822 regium
606 2744 937 2817 habebant3
976 2744 1204 2819 delecti,
1243 2744 1458 2823 quibus
1491 2760 1706 2823 corpus
1745 2744 1914 2804 annis
1939 2743 2262 2814 infirmum,

60 2828 379 2907 ingenium
412 2830 697 2908 sapientia
734 2830 988 2891 validum
1026 2840 1171 2903 erat,
1209 2829 1568 2910 reipublicae
1605 2828 2032 2891 consultabant.
2077 2826 2125 2887 Ii
2167 2826 2264 2888 vel

64 2922 267 2977 aetate
298 2913 393 2973 vel
432 2932 603 2976 curae
640 2916 1019 2978 similitudine
1057 2923 1259 2997 patres
1293 2914 1756 2996 appellabantur.
1821 2914 1987 2988 Post,
2027 2910 2130 2974 ubi
2159 2930 2262 2973 re·-

66 3001 233 3081 gium
264 2998 593 3079 imperium,
614 3004 772 3081 quod
799 3001 968 3065 initio
986 3003 1429 3065 conservandae
1452 3002 1737 3063 libertatis
1756 3007 1932 3079 atque
1955 3000 2266 3099 augendae

64 3084 437 3168 reipublicae
455 3086 662 3161 luerat,
680 3088 743 3149 in
762 3088 1101 3188 superbiam
1122 3088 1701 3169 dominationemque
1719 3086 2024 3160 convertit,
2044 3088 2262 3147 immu-

66 3183 195 3238 tato
245 3190 413 3234 more
460 3190 655 3233 annua
690 3173 949 3255 imperia
994 3169 1290 3255 binosque
1329 3176 1719 3256 imperatores
1760 3172 1871 3233 sibi
1911 3175 2136 3247 fecere3
2181 3188 2254 3232 eo

68 3261 255 3323 modo
296 3258 559 3321 minume
594 3276 777 3339 posse
810 3260 1099 3341 putabant
1123 3278 1235 3342 per
1263 3262 1558 3326 licentiam
1593 3260 1956 3321 insolescere
1993 3261 2260 3321 animum

70 3351 421 3413 humanum.

202 3432 365 3511 Gap.
386 3430 507 3494 vn.
578 3432 697 3497 Sed
743 3449 810 3493 ea
831 3440 1211 3533 tempestate
1263 3440 1514 3513 coepere
1564 3448 1630 3491 se
1681 3431 1928 3511 quisque
1979 3426 2262 3489 extollere

70 3520 281 3599 magis,
317 3519 623 3601 magisque
646 3518 951 3600 ingenium
989 3520 1053 3581 ιιι
1080 3526 1359 3604 promptu
1379 3517 1619 3581 habere.
1673 3516 1823 3580 Nam
1849 3514 2088 3595 regibus
2111 3512 2258 3577 boni

1299 3740 1340 3776 s
