2400 3900
1415 43 1428 74 Ι

2205 85 2226 116 2

594 129 806 191 BELL.
854 127 1216 190 IUGURTH.
1263 147 1314 188 c.
1346 127 1634 190 14—18.
2121 129 2206 192 ⁴3

26 266 107 308 ex
148 245 425 308 omnibus
456 265 729 310 maxume
768 247 1045 309 Aemilius
1087 248 1374 319 Scaurus,
1415 247 1597 310 homo
1641 248 1886 321 nobilis,
1935 246 2206 328 impiger,
2280 311 2285 314 .

26 333 329 406 factiosus,
360 334 565 396 avidus
600 335 918 416 potentiae,
951 334 1217 407 honoris,
1255 332 1598 407 divitiarum,
1627 345 1886 398 ceterum
1924 333 2060 395 vitia
2097 354 2202 398 sua

26 419 237 481 callide
263 422 582 482 occultans.
624 424 681 482 ls
710 430 1023 501 postquam
1044 419 1201 480 videt
1221 418 1376 497 regis
1401 419 1761 496 largitionem
1780 423 2064 486 famosam
2089 421 2207 482 im-

24 507 490 586 pudentemque,
517 508 756 581 verituS,
786 509 941 586 quod
980 507 1041 566 in
1070 505 1168 565 tali
1195 523 1262 566 re
1285 505 1455 578 solet,
1498 524 1574 565 ne
1600 507 1821 585 polluta
1845 508 2080 569 licentia
2108 508 2202 570 in-

25 592 243 653 vidiam
270 595 635 667 accenderet,
662 594 920 654 animum
946 611 979 651 a
1009 601 1292 652 consueta
1317 591 1582 652 lubidine
1613 593 1916 656 continuit.

158 679 318 759 Cap.
345 680 492 741 XVI.
540 679 686 740 Vicit
719 687 915 739 tamen
952 679 1014 738 in
1040 678 1258 739 Senatu
1291 696 1432 758 pars
1468 677 1582 750 illa,
1611 695 1760 758 quae
1786 698 1922 740 vero
1947 681 2202 760 pretium

20 773 129 826 aut
164 767 408 844 gratiam
444 767 827 826 anteferebat.
882 765 1196 825 Decretum
1226 765 1318 838 fit,
1365 761 1450 826 uti
1490 764 1696 825 decem
1726 765 1901 843 legati
1933 785 2201 845 regnum,

20 853 186 931 quod
204 851 447 931 Micipsa
471 851 819 925 obtinuerat,
836 849 993 912 inter
1003 849 1342 930 Iugurtham
1365 851 1827 914 etAdherbalem
1847 850 2202 926 dividerent;

20 938 197 999 cuius
238 936 549 1016 legationis
584 938 861 1018 princeps
896 938 1003 999 fuit
1028 939 1094 1000 L.
1122 938 1413 1018 OpimiuS,
1437 939 1618 1000 homo
1658 939 1850 1000 clarus
1889 947 1949 999 et
1981 947 2105 1000 tum
2141 940 2204 999 in

19 1025 250 1085 Senatu
284 1031 517 1103 potenS,
552 1025 685 1103 quia
730 1024 957 1097 consul,
986 1025 1049 1086 C.
1076 1025 1341 1086 Graccho
1378 1033 1436 1085 et
1458 1025 1535 1086 M.
1556 1025 1756 1086 Fulvio
1777 1023 1989 1084 Flacco
2023 1024 2206 1085 inter-

17 1109 214 1182 fectiS,
250 1127 553 1172 acerrume
590 1110 888 1172 victoriam
924 1111 1243 1172 nobilitatis
1279 1112 1339 1171 in
1373 1111 1605 1190 plebem
1647 1119 2010 1173 exercuerat.
2056 1111 2205 1171 Eum

16 1196 307 1275 Iugurtha
334 1197 559 1259 tametsi
586 1197 809 1260 Romae
835 1197 895 1257 in
923 1197 1173 1257 inimicis
1197 1197 1501 1271 habuerat,
1533 1207 1731 1258 tamen
1755 1195 2203 1258 adcuratissime

16 1282 266 1362 recepit,
292 1283 489 1344 dando
514 1293 571 1344 et
590 1282 965 1362 pollicitando
986 1283 1165 1344 multa
1186 1283 1449 1362 perfecit,
1474 1283 1558 1344 uti
1578 1285 1782 1354 famae,
1806 1284 1943 1350 fide,
1972 1291 2208 1363 postre-

16 1388 122 1431 mo
176 1370 452 1430 omnibus
503 1369 629 1430 suis
670 1369 849 1430 rebus
889 1369 1268 1442 commodum
1319 1370 1474 1448 regis
1525 1371 1860 1432 anteferret.
1923 1371 2205 1449 Reliquos

15 1457 252 1533 legatos
291 1456 496 1527 eadem
526 1455 613 1515 via
652 1471 967 1534 aggressus
1001 1457 1323 1536 plerosque
1361 1455 1532 1536 capit,
1571 1457 1776 1534 paucis
1817 1457 2005 1518 carior
2037 1456 2203 1528 fides,

18 1559 205 1622 quam
244 1541 493 1620 pecunia
525 1542 651 1603 fuit.
695 1543 763 1603 In
803 1541 1088 1605 divisione
1128 1561 1276 1624 quae
1305 1561 1438 1622 pars
1465 1542 1770 1603 Numidiae
1802 1541 2206 1604 Mauritaniam

18 1626 275 1705 attingit,
312 1645 453 1707 agro
480 1628 733 1707 virisque
758 1628 1111 1710 opulentior,
1143 1629 1455 1708 Iugurthae
1474 1627 1754 1699 traditum
1784 1627 1937 1690 illam
1967 1630 2206 1691 alteram

16 1714 225 1794 specie
252 1732 426 1794 quam
448 1733 558 1776 usu
580 1715 891 1794 potiorem,
913 1733 1061 1792 quae
1080 1715 1421 1796 portuosior
1445 1723 1503 1775 et
1521 1713 1800 1774 aedificiis
1825 1715 2014 1793 magis
2036 1735 2207 1788 exor-

18 1809 161 1862 nata
188 1808 331 1874 erat,
366 1801 661 1862 Adherbal
688 1801 977 1880 possedit.

156 1885 245 1949 Ca
258 1906 318 1967 p.
341 1887 514 1949 xvn.
559 1887 679 1949 Res
715 1885 1019 1968 postulare
1059 1885 1290 1949 videtur
1323 1886 1553 1949 Africae
1584 1885 1758 1949 situm
1795 1886 1999 1967 paucis
2025 1903 2204 1967 expo-

17 1991 205 2043 nere,
245 1982 303 2034 et
348 1992 448 2033 eas
490 1974 710 2053 gentiS,
770 1972 1119 2053 quibuscum
1160 1974 1335 2035 nobis
1374 1974 1592 2035 bellum
1638 1982 1738 2035 aut
1785 1974 2033 2035 amicitia
2081 1974 2204 2047 suit,

20 2058 335 2137 attingere.
384 2060 502 2121 Sed
540 2078 687 2141 quae
722 2059 852 2123 loca
888 2072 946 2121 et
982 2062 1247 2122 nationes
1287 2061 1362 2121 ob
1398 2060 1649 2122 calorem
1680 2071 1779 2122 aut
1809 2060 2204 2141 asperitatem,

15 2146 165 2207 item
210 2146 555 2208 solitudines
593 2148 789 2208 minus
828 2149 1193 2227 frequentata
1227 2155 1382 2219 sunt,
1431 2149 1502 2208 de
1542 2147 1611 2207 iis
1649 2147 1806 2207 haud
1843 2146 2010 2207 facile
2042 2166 2204 2207 com-

14 2240 262 2313 pertum
300 2233 677 2307 narraverim,
725 2243 919 2295 cetera
955 2252 1124 2313 quam
1155 2233 1546 2313 paucissumis
1579 2232 1898 2293 absolvam.
1965 2234 2032 2292 ln
2062 2233 2204 2292 divi-

16 2318 193 2381 sione
232 2317 394 2380 orbis
430 2329 625 2381 terrae
647 2320 912 2399 plerique
943 2319 999 2380 in
1044 2328 1212 2399 parte
1238 2319 1408 2381 tertia
1432 2318 1684 2379 Africam
1714 2336 1993 2397 posuere,
2033 2318 2206 2397 pauci

14 2404 434 2467 tantummodo
473 2404 669 2465 Asiam
709 2415 764 2466 et
788 2406 1083 2483 Europam
1125 2424 1274 2477 esse,
1312 2405 1419 2464 sed
1447 2404 1694 2465 Africam
1732 2404 1793 2464 in
1821 2404 2076 2483 Europa.
2123 2403 2208 2465 Ea

12 2490 157 2552 finis
183 2490 362 2550 habet
386 2491 460 2551 ab
492 2490 798 2552 occidente
833 2492 1046 2552 fretum
1075 2490 1261 2551 nostri
1285 2492 1463 2552 maris
1493 2499 1551 2552 et
1574 2488 1809 2563 Oceani,
1845 2490 1918 2552 ab
1945 2501 2078 2552 ortu
2104 2506 2206 2553 so-

12 2577 89 2639 lis
136 2575 420 2637 declivem
452 2577 836 2651 latitudinem,
873 2595 1046 2655 quem
1086 2574 1280 2637 locum
1307 2576 1726 2639 Catabathmon
1751 2577 1977 2639 incolae
2001 2578 2206 2659 appel-

15 2665 165 2725 lant.
214 2660 373 2724 Mare
413 2682 670 2739 saevum,
698 2664 1167 2744 importuosum3
1197 2682 1338 2743 ager
1373 2664 1604 2745 frugum
1633 2664 1853 2738 fertiliS,
1880 2665 2074 2725 bonus
2100 2678 2206 2744 pe·-

16 2748 168 2820 cori,
194 2748 470 2811 arborum
494 2751 882 2827 infecundus3
910 2749 1075 2811 coelo
1092 2759 1368 2830 terraque
1390 2752 1636 2832 penuria
1657 2770 1961 2831 aquarum.
2002 2750 2205 2813 Genus

12 2833 329 2898 hominum
360 2838 579 2899 salubri
612 2855 882 2918 corpore,
922 2836 1110 2911 velox,
1152 2836 1382 2917 patiens
1422 2837 1720 2909 laborum;
1761 2837 2078 2915 plerosque
2110 2855 2206 2897 se-

14 2928 231 2985 nectus
255 2920 537 2995 dissolvit,
552 2925 665 2985 nisi
685 2924 782 3005 qui
808 2925 962 2985 ferro
983 2932 1083 2987 aut
1100 2923 1304 2985 bestiis
1325 2924 1614 2996 interiere,
1628 2941 1763 2983 nam
1784 2923 2027 2983 morbus
2045 2922 2206 2985 haud

16 3026 203 3089 saepe
246 3026 596 3089 quemquam
622 3018 880 3091 superat.
926 3011 1012 3071 Ad
1038 3010 1155 3071 hoc
1172 3009 1422 3071 malefici
1446 3010 1677 3089 generis
1704 3007 1956 3088 plurima
1980 3010 2204 3071 anima-

14 3097 116 3157 lia.
161 3095 281 3157 Sed
308 3094 408 3175 qui
430 3096 707 3158 mortales
724 3096 887 3158 initio
907 3096 1162 3159 Africam
1184 3095 1517 3172 habuerint,
1545 3096 1758 3177 quique
1777 3101 2204 3174 postea'acces-
2245 3128 2252 3133 ·

20 3182 230 3255 serint,
270 3190 370 3243 aut
406 3183 705 3261 quomodo
732 3184 884 3245 inter
910 3202 973 3243 se
1001 3182 1276 3263 permixti
1303 3182 1437 3257 sint,
1464 3200 1820 3264 quamquam
1846 3181 1918 3242 ab
1944 3200 2014 3242 ea
2033 3184 2202 3255 fama,

20 3286 177 3349 quae
215 3268 539 3355 plerosque
571 3270 813 3340 obtinet,
853 3270 1152 3332 divorsum
1190 3280 1298 3343 est,
1327 3278 1522 3332 tamen
1549 3270 1632 3331 uti
1659 3287 1727 3328 ex
1754 3266 1918 3329 libris
1946 3267 2201 3339 PuniciS,

20 3354 123 3435 qui
158 3354 319 3433 regis
352 3352 700 3437 Hiempsalis
739 3354 1103 3429 dicebantur,
1155 3356 1606 3437 interpretatum
1639 3355 1810 3417 nobis
1853 3362 1961 3428 est,
2001 3354 2201 3433 utique

19 3460 153 3503 rem
202 3460 335 3501 sese
376 3442 596 3504 habere
644 3442 898 3503 cultores
939 3442 1066 3505 eius
1097 3453 1290 3505 terrae
1325 3451 1557 3522 putant,
1590 3460 1766 3523 quam
1805 3438 2198 3523 paucissumis

21 3528 241 3591 dicam.
288 3526 560 3590 Ceterum
581 3530 731 3591 fides
760 3528 888 3590 eius
905 3528 994 3588 rei
1020 3547 1204 3609 penes
1234 3538 1505 3591 auctores
1531 3528 1655 3591 erit.
2229 3520 2244 3532 ⁶

153 3614 535 3695 cap.xvl11.
582 3618 835 3678 Africam
871 3614 1036 3677 initio
1074 3616 1338 3677 habuere
1362 3614 1550 3679 Getuli
1575 3623 1634 3677 et
1655 3615 1870 3695 Libyes
1893 3609 2091 3692 asperi
2107 3609 2202 3671 in-
