2400 3900
646 85 860 148 BELL.
903 85 1267 162 IUGURTH.
1312 105 1364 147 c.
1393 84 1595 148 1--5.
2119 83 2203 149 35

53 206 310 268 fraudem
333 205 385 266 is
409 205 542 280 fuit,
571 206 676 267 tuti
704 213 809 267 aut
827 224 897 266 eo
923 206 1108 284 magis
1131 205 1365 266 honesti
1392 215 1546 266 sunt.
1592 206 1741 266 Nam
1769 205 2081 284 vi‘quidem
2105 227 2204 270 re·-

57 310 191 370 gere
229 291 472 370 patriam
508 300 608 353 aut
640 301 942 370 parenteS,
982 309 1333 370 quamquam
1367 299 1423 350 et
1446 292 1739 369 possis‘et
1764 291 1972 353 delicta
2016 295 2203 355 corri-

55 397 183 456 gaS,
218 384 412 438 tamen
449 378 848 457 importunum
876 387 994 452 est,
1023 394 1216 456 quum
1243 377 1585 454 praesertim
1610 395 1819 439 omnes
1844 396 2043 439 rerum
2068 398 2202 442 mu—

51 464 294 524 tationes
323 464 562 527 caedem
579 511 594 537 ,
617 463 816 542 sugam
847 463 1074 542 aliaque
1096 461 1329 522 hostilia
1348 462 1734 539 pertendant3
1772 465 1989 525 frustra
2009 472 2203 526 autem

49 550 170 624 niti,
188 565 376 628 neque
399 549 552 614 aliud
578 569 642 612 se
661 550 954 626 fatigando
974 548 1088 628 nisi
1109 547 1307 608 odium
1326 564 1629 625 quaerere,
1648 560 1941 610 extremae
1961 551 2204 612 demon-

52 637 166 696 tiae
197 643 314 709 est3
351 635 463 696 nisi
487 638 638 696 forte
667 653 841 714 quem
865 635 1180 695 inhonesta
1206 643 1265 693 et
1286 633 1617 712 perniciosa
1638 633 1841 694 lubido
1862 643 2054 712 tenet,
2090 657 2201 718 po—

49 721 261 782 tentiae
286 739 606 803 paucorum
633 719 812 782 decus
843 728 1016 798 atque
1035 719 1363 780 libertatem
1390 737 1557 780 suam
1583 720 1913 797 gratificari.
1965 785 1973 795 ‚

175 807 334 886 Cap.
359 807 454 868 IV.
499 806 773 868 Ceterum
811 824 882 866 ex
915 805 1040 866 aliis
1073 805 1358 884 negotiiS,
1394 821 1545 883 quae
1570 805 1809 883 ingenio
1837 813 2201 882 exercentur,

45 894 106 956 in
139 893 342 972 primis
377 909 588 968 magno
628 891 764 954 usui
783 900 874 952 est
897 891 1178 958 memoria
1201 904 1405 952 rerum
1432 898 1755 968 gestarum,
1796 891 1962 952 cuius
1991 893 2063 952 de
2086 895 2203 954 vir-

45 988 172 1041 tute
197 978 330 1057 quia
353 977 516 1040 multi
544 977 760 1051 dixere,
783 979 1277 1056 praetereundum
1303 986 1445 1056 puto
1466 997 1484 1051 ς
1516 977 1693 1037 simul
1718 993 1793 1037 ne
1816 995 1926 1056 per
1941 977 2204 1040 insolen-

47 1067 186 1127 tiam
247 1061 374 1142 quis
431 1063 737 1124 existumet
779 1071 997 1124 memet
1037 1062 1297 1124 studium
1340 1079 1534 1146 meum
1569 1062 1865 1124 laudando
1908 1063 2204 1126 extollere.

45 1158 232 1228 Atque
265 1167 374 1226 ego
405 1151 582 1210 credo
607 1149 752 1222 fore,
781 1149 907 1228 qui,
935 1149 1068 1227 quia
1087 1147 1317 1209 decrevi
1343 1148 1553 1227 procul
1575 1167 1609 1208 a
1630 1149 1931 1228 republica
1956 1156 2203 1210 aetatem
2256 1207 2270 1220 ,

46 1253 239 1314 agere,
270 1237 445 1294 ‘tanto
489 1241 724 1312 tamque
767 1234 890 1295 utili
934 1233 1121 1306 labori
1161 1251 1296 1294 meo
1340 1251 1559 1294 nomen
1590 1235 1833 1295 inertiae
1867 1235 2205 1314 imponant3

46 1329 202 1383 certe
229 1321 440 1398 quibus
467 1338 733 1380 maxuma
756 1319 1046 1380 industria
1068 1318 1298 1380 videtur
1320 1321 1571 1381 salutare
1594 1321 1827 1400 plebem
1854 1329 1913 1380 et
1930 1321 2205 1381 conviviis

46 1406 284 1486 gratiam
313 1423 612 1484 quaerere.
673 1405 788 1477 Qui
813 1406 863 1466 si
890 1405 1314 1484 reputaverint,
1356 1415 1415 1466 et
1450 1405 1659 1484 quibus
1692 1424 1803 1484 ego
1834 1407 2202 1485 temporibus

41 1491 447 1569 magistratum
471 1491 718 1569 adeptus
738 1491 876 1564 sim,
916 1501 973 1552 et
1009 1493 1209 1571 quales
1234 1490 1339 1551 viri
1362 1492 1518 1552 idem
1546 1492 1788 1570 adsequi
1818 1492 2201 1570 nequiverint,

43 1586 106 1639 et
129 1583 334 1657 postea
358 1594 506 1654 quae
530 1594 747 1654 genera
771 1577 1080 1640 hominum
1103 1577 1166 1637 in
1191 1583 1463 1636 senatum
1488 1576 1897 1655 pervenerint,
1936 1579 2203 1656 profecto

41 1662 508 1736 existumabunt,
546 1681 640 1724 me
681 1662 868 1740 magis
905 1663 1112 1722 merito
1141 1679 1315 1740 quam
1340 1661 1568 1738 ignavia
1586 1661 1865 1721 iudicium
1890 1663 2066 1724 animi
2088 1663 2206 1724 mei

42 1749 387 1820 mutavisse,
437 1748 744 1826 maiusque
785 1748 1176 1809 commodum
1193 1765 1263 1806 ex
1302 1747 1423 1806 otio
1460 1765 1595 1806 meo
1638 1763 1811 1824 quam
1847 1763 1917 1805 ex
1958 1746 2203 1808 aliorum

41 1834 296 1914 negotiis
339 1833 698 1912 reipublicae
731 1843 1061 1894 venturum.
1107 1832 1253 1893 Nam
1288 1835 1467 1909 saepe
1502 1849 1614 1910 ego
1644 1831 1857 1903 audivi,
1898 1823 1969 1904 Q.
2004 1833 2208 1894 Maxu-

41 1939 224 1995 mum,
251 1920 318 1981 P.
343 1919 694 1997 Scipionem,
723 1927 1024 1997 praeterea
1048 1913 1291 1979 civitatis
1317 1927 1555 1979 nostrae
1574 1917 1907 1998 praeclaros
1924 1918 2084 1980 viros
2106 1937 2207 1981 so-

39 2008 180 2069 litos
198 2007 279 2066 ita
300 2005 529 2077 dicere,
565 2024 746 2083 quum
767 2005 1052 2065 maiorum
1069 2004 1355 2083 imagines
1382 2005 1775 2077 intuerentur,
1796 2005 2206 2067 vehementis-

41 2110 214 2155 sume
253 2090 365 2153 sihi
403 2090 658 2159 animum
685 2091 769 2151 -ad
802 2091 1074 2157 virtutem
1105 2090 1365 2151 accendi.
1412 2091 1645 2151 Scilicet
1666 2105 1789 2151 non
1817 2092 2010 2152 ceram
2048 2092 2201 2152 illam

39 2196 238 2257 neque
268 2178 514 2255 figuram
535 2183 750 2239 tantam
776 2176 886 2237 vim
914 2176 976 2237 in
1001 2194 1136 2237 sese
1152 2176 1391 2249 habere,
1428 2178 1533 2237 sed
1556 2176 1840 2237 memoria
1866 2195 2064 2237 rerum
2102 2196 2204 2273 ge-

41 2274 268 2325 starum
288 2281 418 2323 eam
441 2264 734 2335 flammam
757 2262 1006 2341 egregiis
1024 2262 1162 2323 viris
1173 2261 1240 2322 in
1259 2269 1499 2342 pectore
1520 2280 1806 2333 crescere,
1826 2278 2019 2338 neque
2038 2262 2203 2339 prius

38 2350 262 2421 sedari,
298 2366 473 2427 quam
501 2349 683 2410 virtus
710 2366 914 2408 eorum
956 2349 1170 2407 samam
1195 2356 1371 2427 atque
1394 2346 1634 2424 gloriam
1660 2345 2088 2423 adaequaverit.
2134 2348 2206 2408 At

39 2442 266 2509 contra,
289 2432 420 2512 quis
445 2440 538 2493 est
563 2450 826 2504 omnium
846 2431 920 2493 iis
939 2432 1225 2505 moribus,
1250 2432 1390 2510 quin
1412 2431 1623 2497 divitiis
1646 2440 1702 2491 et
1730 2431 2061 2509 sumptibus
2080 2450 2203 2493 non

36 2520 333 2600 probitate
369 2537 564 2596 neque
600 2516 886 2581 industria
905 2532 1055 2577 'cum
1091 2516 1411 2579 maioribus
1448 2517 1567 2577 suis
1598 2516 1954 2578 contendat?
2015 2518 2201 2579 Etiam

35 2605 314 2667 homines
342 2604 493 2678 novi,
523 2603 620 2683 qui
647 2612 818 2665 antea
846 2621 954 2681 per
976 2603 1245 2665 virtutem
1282 2602 1437 2665 soliti
1462 2612 1629 2665 erant
1652 2601 2011 2665 nobilitatem
2041 2612 2205 2666 ante-

36 2691 270 2764 venire,
299 2690 494 2770 surtim
521 2700 579 2751 et
603 2709 712 2769 per
733 2688 1031 2752 latrocinia
1051 2689 1247 2769 potius
1272 2708 1445 2769 quam
1472 2689 1654 2751 bonis·
1666 2689 1887 2752 artibus
1913 2691 1985 2750 ad
2012 2690 2203 2770 impe-

35 2778 126 2839 ria
154 2783 214 2837 et
237 2777 496 2837 honores
521 2777 820 2851 nituntur3
845 2774 1095 2855 proinde
1113 2775 1281 2856 quasi
1298 2784 1570 2855 praetura
1590 2783 1649 2835 et
1667 2777 2009 2837 consulatus
2028 2785 2204 2853 atque

35 2864 150 2925 alia
181 2862 376 2925 omnia
396 2861 802 2924 huiuscemodi
824 2881 934 2943 per
957 2880 1024 2926 se
1042 2862 1174 2941 ipsa
1212 2863 1363 2923 clara
1388 2869 1451 2922 et
1472 2861 1777 2941 magnifica
1802 2861 1947 2934 sint,
1982 2875 2051 2921 ac
2080 2875 2203 2921 non
2245 2866 2249 2872 '

15 2946 290 3031 perinde
310 2946 652 3022 habeantur,
673 2957 955 3009 uteorum
978 2948 1077 3027 qui
1097 2966 1163 3008 ea
1193 2946 1489 3009 sustinent
1508 2947 1687 3009 virtus
1708 2954 1815 3007 est.
1854 2946 2075 3007 Verum
2092 2962 2203 3026 ego

33 3034 286 3097 liberius
303 3031 594 3111 altiusque
612 3035 892 3113 processi,
904 3035 1046 3097 dum
1065 3051 1160 3095 me
1181 3033 1427 3134 civitatis
1444 3050 1675 3095 morum
1694 3031 1853 3111 piget
1861 3032 2205 3112 taedetque,

35 3138 205 3183 nunc
235 3120 309 3181 ad
333 3120 632 3197 inceptum
659 3120 861 3184 redeo

175 3206 341 3285 Cap.
368 3206 435 3268 V.
477 3203 706 3266 Bellum
727 3206 1053 3285 scripturus
1075 3199 1227 3276 sum,
1261 3204 1417 3283 quod
1456 3203 1715 3285 populus
1740 3202 2039 3265 Romanus
2070 3222 2203 3265 cum

35 3291 326 3389 Iugurtha
360 3309 499 3369 rege
526 3288 908 3353 Numidarum
947 3291 1151 3369 gessit·
1198 3290 1449 3370 primum
1486 3290 1619 3369 quia
1649 3306 1923 3367 magnum
1953 3298 2011 3350 et
2040 3297 2201 3349 atrox

35 3378 324 3458 variaque
349 3376 588 3445 victoria
613 3376 751 3449 fuit,
778 3377 914 3439 dein
945 3377 1082 3455 quia
1109 3386 1251 3438 tunc
1269 3377 1521 3455 primum
1558 3374 1867 3453 superbiae
1888 3374 2203 3437 nobilitatis

40 3462 280 3525 obviam
300 3464 442 3525 itum
463 3473 570 3536 est,
591 3481 741 3543 quae
763 3463 1058 3524 contentio
1079 3462 1273 3525 divina
1290 3469 1349 3523 et
1368 3462 1623 3523 humana
1642 3470 1849 3523 cuncta
1866 3458 2205 3557 permiscuit

43 3568 240 3631 eoque
259 3550 564 3613 vecordiae
586 3549 892 3629 processit,
917 3547 1002 3611 uti
1019 3547 1231 3613 studiis
1250 3545 1513 3609 civilibus
1532 3546 1751 3691 heum}
1768 3554 1945 3665 {itque
1966 3543 2203 3607 vastitas
