2400 3900
550 64 556 76 ¹
666 79 884 142 BELL.
923 79 1286 142 IUGURTH.
1333 97 1385 140 c:
1408 77 1721 140 81—85.·
2192 80 2277 143 77

93 198 432 280 legionibus
469 199 972 280 supplementum,
1021 199 1233 260 auxilia
1266 217 1299 260 a
1334 200 1573 279 populis
1614 208 1673 262 et
1704 199 1945 278 regibus
1974 201 2275 282 secusque

92 304 434 360 accersere,
481 293 786 368 praeterea
834 305 905 348 ex
945 283 1106 346 Latio
1154 285 1556 348 fortissumum
1596 304 1919 366 quemque,
1952 288 2275 368 plerosque

93 370 359 447 militiae,
385 391 608 452 paucos
631 375 782 435 fama
809 371 1077 451 cognitos
1103 371 1312 444 accire,
1340 379 1399 432 et
1420 371 1738 434 ambiundo
1766 392 1978 452 cogere
1998 375 2273 438 homines
2335 413 2346 418 -

95 459 364 520 emeritis
389 459 696 540 stipendus
707 478 922 522 secum
945 457 1262 538 proficisci.
1308 457 1510 536 Neque
1528 457 1608 518 1111
1624 459 1894 534 Senatus
1922 479 2276 542 quamquam

96 547 391 608 advorsus
430 556 572 619 erat,
607 549 681 610 de
715 547 834 610 ullo
866 545 1102 622 negotio
1141 543 1402 604 abnuere
1424 544 1709 616 audehat3
1748 556 2009 610 ceterum
2033 548 2277 628 supple—

98 622 370 694 mentum
402 633 575 694 etiam
609 633 802 694 laetus
833 632 1188 704 decreverat,
1223 630 1357 710 quia
1390 649 1583 716 neque
1614 629 1791 709 plebe
1824 633 2023 694 militia
2060 634 2278 696 volenti
2332 689 2336 696 .

100 718 422 798 putabatur
447 728 508 780 et
528 719 747 780 Marius
771 725 874 778 aut
893 716 1031 778 belli
1056 735 1225 778 usum
1250 726 1351 778 ant
1366 712 1561 786 studia
1588 715 1743 794 volgi
1765 718 2107 783 amissurus.
2154 721 2277 782 Sed
2358 749 2367 758 ·

96 823 170 866 ea
214 823 316 866 res
358 807 576 866 frustra
611 813 874 886 sperata3
915 810 1078 866 tanta
1109 803 1314 864 lubido
1352 821 1487 866 oum
1516 800 1697 864 Mario
1745 803 1925 866 eundi
1959 805 2277 886 plerosque

98 893 418 954 invaserat.
467 891 616 952 Sese
651 890 904 971 quisque
935 889 1154 970 praeda
1175 890 1533 969 locupletem
1552 887 1701 961 fore,
1728 888 2009 952 victorem
2028 891 2281 956 domum

95 977 448 1051 rediturum,
483 977 590 1038 alia
618 976 1030 1038 huiuscemodi
1053 976 1265 1038 animis
1290 975 1615 1050 trahebant,
1650 982 1709 1036 et
1741 993 1845 1036 eos
1862 995 1997 1038 non
2022 979 2281 1056 paullum
2390 1047 2392 1050 Α

104 1061 376 1124 oratione
415 1081 520 1124 sua
564 1064 782 1127 Marius
821 1069 1141 1125 arrexerat.
1197 1063 1345 1124 Nam
1396 1072 1743 1142 postquam,
1785 1061 2087 1135 omnibus,
2120 1082 2284 1143 quae

107 1149 530 1230 postulaverat,
567 1150 836 1224 decretis,
869 1149 1086 1210 milites
1121 1147 1390 1210 scribere
1408 1148 1545 1222 volt,
1575 1137 1851 1214 hortandi
1876 1167 2085 1214 caussa
2108 1149 2285 1212 ειιιιιιι

104 1245 166 1298 et
187 1235 574 1310 nobilitatem,
600 1237 683 1298 uti
709 1244 1114 1306 consueverat,
1135 1233 1489 1312 exagitandi,
1510 1234 1859 1302 concionem
1878 1234 2085 1362 populi
2102 1237 2284 1298 advo-

103 1323 274 1384 cavit.
320 1322 548 1386 Deinde
571 1322 688 1382 hoc
711 1322 894 1384 modo
917 1319 1221 1382 disseruit·

237 1410 325 1471 Ca
335 1429 399 1490 p
421 1409 696 1470 LXXXV.
741 1408 920 1482 ,Scio
943 1425 1076 1486 ego,
1103 1405 1383 1481 Quirites,
1406 1404 1725 1486 plerosque
1752 1425 1875 1470 non
1899 1359 2113 1471 iisdem
2144 1407 2285 1470 aru-

102 1495 270 1556 bus
253 1495 568 1574 imperium
611 1513 648 1554 a
687 1493 856 1556 vobis
897 1503 1100 1573 petere
1137 1503 1225 1567 et,
1268 1503 1583 1572 postquam
1612 1492 1811 1572 adepti
1838 1501 2003 1568 sunt,
2046 1512 2285 1594 gerere·
2269 1540 2287 1570 ,

103 1583 298 1662 primo
335 1580 676 1654 industrioS,
709 1581 1032 1661 supplices,
1061 1579 1329 1646 modicos,
1352 1595 1505 1652 esse,
1538 1579 1754 1642 deinde
1780 1599 1889 1658 per
1912 1580 2201 1658 ignaviam
2228 1587 2290 1644 et

105 1668 440 1748 superbiam
475 1665 728 1730 aetatem
767 1685 974 1746 agere3
1013 1665 1122 1727 sed
1143 1733 1146 1740 ,
1165 1664 1312 1726 mibi
1346 1669 1552 1732 contra
1586 1682 1655 1725 ea
1692 1663 1957 1740 videtur-3
1992 1685 2129 1730 nam
2166 1685 2286 1746 quo

107 1753 294 1834 pluris
334 1753 606 1816 universa
639 1752 976 1832 respublica
1013 1769 1188 1830 quam
1224 1748 1563 1813 consula-tus
1596 1757 1699 1812 aut
1730 1759 2023 1828 praetura,
2060 1771 2133 1814 eo
2161 1771 2289 1814 ma-

107 1842 238 1900 iore
285 1858 423 1901 cura
463 1839 616 1914 illam
653 1837 1048 1901 administrari
1091 1855 1269 1915 quam
1304 1836 1455 1900 haec
1488 1835 1612 1914 peti
1646 1835 1887 1900 debere.
1942 1837 2153 1916 Neque
2186 1856 2287 1900 me

10 1968 13 1991 ἰ
109 1925 280 1998 fallit,
317 1935 606 2005 quantum
645 1943 776 1987 cum
819 1941 1091 1987 maxumo
1125 1921 1420 1985 beneficio
1448 1928 1649 1985 vostro
1685 1923 1905 2002 negotii
1942 1923 2287 1987 sustineam.

108 2012 337 2073 Bellum
373 2030 584 2089 parare
619 2010 794 2073 simul
833 2020 895 2073 et
931 2010 1156 2073 aerario
1193 2026 1466 2089 parcere,
1506 2027 1719 2089 eogere
1756 2011 1833 2073 ad
1869 2010 2131 2075 militiam
2160 2030 2284 2087 eos,

111 2116 263 2179 quos
305 2097 458 2159 nolis
496 2097 826 2170 offendere,
871 2097 1032 2159 domi
1069 2096 1333 2175 forisque
1364 2095 1560 2158 omnia
1606 2114 1850 2171 curare,
1888 2104 1949 2160 et
1998 2114 2068 2158 ea
2111 2116 2289 2177 agere

108 2184 265 2249 inter
303 2184 566 2260 invidos,
605 2183 1000 2257 occursantis,
1035 2182 1341 2255 factiosos,
1376 2180 1671 2262 opinione,
1708 2182 1983 2256 Quirites,
2016 2184 2317 2263 asperius

114 2278 224 2331 est.
267 2272 354 2331 Ad
379 2271 512 2345 boc,
535 2269 636 2331 alii
655 2270 707 2331 si
733 2271 1050 2349 deliquere,
1087 2277 1257 2331 vetus
1281 2267 1575 2341 nobilitas,
1610 2268 1903 2331 maiorum
1924 2268 2094 2331 sortia
2120 2271 2287 2344 sacta,

117 2368 500 2435 cognatorum
531 2365 594 2416 et
627 2355 884 2417 affinium
911 2374 1078 2435 opem
1113 2353 1329 2415 mul-tae
1356 2354 1677 2425 clientelae,
1716 2355 1911 2421 omnia
1932 2356 2081 2417 haec
2114 2374 2287 2433 prae-

113 2443 266 2505 sidio
291 2443 544 2517 adsunt,
581 2440 724 2503 mibi
757 2459 898 2520 spes
935 2458 1150 2503 omnes
1187 2440 1250 2499 in
1280 2446 1501 2502 memet
1524 2440 1691 2513 sitae,-
1730 2458 1879 2519 quas
1916 2458 2164 2505 necesse
2198 2446 2291 2504 est

111 2529 324 2589 virtute
349 2534 408 2588 et
427 2526 764 2589 innocentia
785 2528 978 2601 tutari,
1003 2544 1138 2597 nam
1159 2526 1271 2585 alia
1290 2526 1519 2589 infirma
1542 2534 1705 2593 sunt·
1742 2526 1820 2591 Et
1832 2526 1977 2591 illud
1990 2528 2287 2609 intellego,
2390 2588 2392 2611 2

11 2674 20 2682 ,
114 2608 390 2691 QuiriteS,
412 2612 676 2675 omnium
689 2614 872 2675 orain
889 2632 986 2675 me
1009 2630 1299 2675 convorsa
1322 2630 1473 2686 esse,
1498 2630 1721 2693 aequos
1738 2606 2053 2695 bonosque
2071 2618 2287 2687 favere,
2387 2626 2392 2637 ⁴

114 2700 335 2783 quippe
381 2720 514 2763 mea
559 2700 869 2763 benefacta
907 2698 1267 2778 reipublicae
1299 2700 1655 2779 procedunt,
1688 2701 2050 2765 nobilitatem
2092 2703 2289 2762 locum
2390 2706 2392 2781 j

10 2836 13 2855 .
113 2788 434 2849 invadendi
466 2806 768 2865 quaerere.
826 2787 960 2860 Quo
997 2784 1140 2847 mihi
1175 2784 1369 2847 acrius
1406 2786 1787 2851 adnitendum
1826 2796 1934 2858 est,
1976 2786 2059 2848 uti
2092 2804 2288 2866 neque

115 2892 224 2935 vos
253 2873 564 2952 capiamini
594 2882 652 2935 et
685 2873 768 2935 illi
794 2875 1012 2937 frustra
1032 2871 1168 2935 sint.
1200 2873 1289 2933 lta
1308 2873 1382 2935 ad
1404 2872 1519 2933 hoc
1538 2873 1745 2935 aetatis
1767 2890 1801 2933 a
1824 2872 2071 2951 pueritia
2094 2872 2199 2946 fui,
2224 2878 2289 2933 ut
2390 2932 2392 2937 ,

117 2958 312 3023 omnis
329 2959 565 3021 labores
585 2969 644 3022 et
661 2959 916 3039 pericula
935 2968 1213 3022 consueta
1234 2959 1503 3021 habeam.
1549 2960 1715 3032 Quae
1732 2969 1868 3021 ante
1890 2965 2087 3019 vostra
2104 2959 2289 3021 bene-

117 3046 251 3109 ficia
283 3044 532 3123 gratuito
562 3044 874 3119 faciebam,
911 3064 980 3107 ea
1015 3046 1101 3107 uti
1124 3052 1367 3124 accepta
1402 3045 1677 3111 mercede
1712 3044 2015 3118 deseram,
2050 3063 2173 3107 non
2200 3053 2291 3107 est

121 3132 454 3205 consilium,
480 3131 756 3204 Quirites.
802 3131 922 3195 lllis
945 3130 1178 3193 difficile
1201 3130 1376 3193 estin
1400 3130 1787 3212 potestatibus
1814 3139 2161 3211 temperare,
2190 3130 2289 3210 qui

119 3238 232 3301 per
251 3217 628 3281 ambitionem
657 3237 794 3279 sese
811 3217 1034 3298 probos
1061 3217 1443 3292 sinmlavere3
1466 3217 1624 3288 mihi,
1654 3217 1751 3296 qui
1776 3234 2013 3281 omnem
2038 3225 2289 3281 aetatem
2390 3276 2392 3301 ζ

121 3305 184 3367 ιιι
209 3304 468 3386 optumis
493 3302 714 3365 artibus
737 3306 848 3385 egi,
872 3305 1224 3367 benefacere
1248 3304 1363 3365 iam
1388 3322 1457 3363 ex
1484 3303 1911 3367 consuetudine
1934 3305 1995 3367 in
2018 3316 2285 3367 naturam
2390 3318 2392 3389 ὲ

121 3392 314 3454 vortit.
343 3390 568 3453 Bellum
606 3408 704 3453 me
736 3408 941 3469 gerere
971 3408 1108 3451 cum
1129 3390 1409 3469 Iugurtha
1432 3387 1709 3465 iussistiS,
1746 3408 1923 3470 quam
1956 3408 2083 3453 rem
2113 3387 2287 3450 nobi·
2388 3406 2392 3475 j

121 3477 253 3540 litas
282 3496 624 3559 aegerrume
649 3476 797 3539 tulit.
843 3477 1098 3550 Quaeso,
1121 3485 1395 3557 reputate
1412 3494 1547 3539 eum
1574 3477 1782 3540 animis
1806 3478 2036 3550 vostris,
2064 3474 2287 3537 numid
2390 3496 2392 3525 ε

124 3566 336 3627 mutari
364 3564 572 3627 melius
599 3563 708 3641 sit;
734 3562 788 3627 si
807 3582 980 3643 quem
1003 3582 1076 3627 ex
1099 3562 1196 3627 illo
1226 3562 1403 3641 globo
1430 3562 1743 3628 nobilitatis
1770 3564 1843 3627 ad
1872 3564 1987 3627 hoc
2004 3571 2107 3625 aut
2130 3560 2286 3623 aliud
