2400 3900
799 27 1116 92 CATILlN.
1163 50 1215 90 c.
1244 28 1427 90 36-
1440 29 1544 94 40.
2163 37 2239 98 19

57 145 281 221 nibus,
313 147 408 208 alii
431 145 602 212 sicuti
623 149 858 227 populi
843 167 972 209 iura
995 151 1398 222 defenderent,
1434 167 1574 230 pars
1610 169 1727 231 quo
1754 153 2001 221 Senatus
2040 166 2240 218 aucto-

55 234 228 295 ritas
267 229 534 294 maxuma
559 233 723 305 feret,
763 233 986 296 honum
1019 236 1317 315 publicum
1357 235 1697 298 simulantes
1726 257 1833 320 pro
1860 259 1967 302 sua
1994 242 2239 322 quisque

53 319 346 400 potentia
371 319 681 393 certabant,
709 337 902 399 neque
925 321 1038 382 illis
1063 321 1352 383 modestia
1391 337 1617 400 neque
1610 326 1821 386 modus
1848 328 2237 389 contentionis

60 416 224 478 erat,
249 406 475 485 utrique
501 405 794 467 victoriam
821 407 1132 470 crudeliter
1155 406 1527 467 exercebant.

205 491 301 552 Ca
313 510 373 569 p
397 491 652 552 XXXIX.
696 488 810 554 Sed
845 501 1162 590 postquam
1187 493 1291 554 Gn.
1315 493 1459 552 Pom
1508 493 1727 556 eiusad
1754 443 1971 561 bellurn
1996 500 2239 564 maritu-

56 595 244 638 mum
265 583 439 656 atque
457 577 927 648 Mithiidaticum
939 579 1152 641 missus
1179 587 1286 651 est,
1322 577 1479 655 plebi
1538 597 1682 676 opes
1702 581 2059 658 imminutae,
2092 603 2236 665 pau-

60 681 287 725 corum
325 662 584 762 potentia
627 664 823 724 crevit.
879 665 952 725 Hi
989 664 1377 741 magistratuS,
1413 665 1742 742 provincias
1780 667 2003 746 aliaque
2041 671 2235 738 omnin

57 760 299 825 tenere,
331 749 446 828 ipsi
466 748 708 820 innoxii,
741 750 1035 822 florentes,
1070 749 1196 812 sine
1221 757 1381 810 metu
1403 758 1647 812 aetatem
1676 769 1870 828 agere,
1898 762 2123 817 ceteros
2148 757 2238 823 iu·-

59 835 249 895 diciis
292 842 530 906 terrere,
569 851 684 911 quo
710 834 941 914 plebem
976 835 1038 894 in
1053 835 1395 913 magistratu
1434 837 1713 915 placidius
1738 845 2073 905 tractarent.
2118 843 2235 908 Sed

57 920 178 981 uhi
206 919 462 998 primum
497 919 686 980 dubiis
721 920 900 996 rebus
931 922 1184 982 novandi
1224 940 1360 1000 spes
1392 920 1581 984 oblata
1610 929 1717 996 est,
1742 932 1916 996 vetus
1940 931 2233 990 certamen

61 1005 310 1066 animos
339 1023 540 1065 eorum
567 1006 792 1066 arrexit.
855 1007 1082 1080 Quodsi
1101 1007 1293 1086 primo
1312 1007 1533 1084 praelio
1558 1007 1797 1070 Catilina
1832 1010 2105 1088 superior
2140 1021 2238 1077 aut

61 1109 266 1168 aequa
298 1109 476 1152 manu
508 1089 892 1166 discessisset,
943 1094 1213 1172 profecto
1249 1110 1459 1169 magna
1496 1093 1695 1155 clades
1736 1102 1909 1174 atque
1942 1095 2237 1160 calamitas

60 1195 100 1235 1
101 1175 498 1272 empuhlicam
526 1178 951 1256 oppressisset3
975 1196 1168 1255 neque
1191 1177 1322 1249 iuis,
1358 1178 1458 1256 qui
1479 1178 1779 1240 victoriam
1806 1181 2004 1262 adepti
2028 1183 2238 1256 forent,

64 1261 296 1322 diutius
325 1281 391 1320 ea
421 1263 501 1320 uti
535 1261 812 1342 licuisset,
847 1263 985 1340 quin
1012 1257 1283 1323 defessis
1292 1272 1348 1323 et
1373 1265 1761 1342 exsanguibus
1801 1267 1901 1344 qui
1932 1267 2063 1345 plus
2092 1286 2239 1359 pos·-

63 1355 169 1406 set
209 1347 519 1427 imperium
567 1357 741 1424 atque
788 1347 1108 1408 libertatem
1143 1355 1534 1428 extorqueret.
1605 1349 1795 1411 Fuere
1838 1361 2034 1414 tamen
2080 1360 2239 1414 extra

65 1431 544 1492 coniuratio-nem
581 1432 926 1511 complures,
965 1435 1062 1513 qui
1105 1433 1176 1495 ad
1204 1433 1501 1496 Catilinam
1535 1435 1698 1496 initio
1716 1436 1973 1516 profecti
1999 1448 2151 1511 sunt,
2177 1439 2236 1498 in

61 1518 147 1576 iis
195 1517 323 1576 e‘rat
361 1519 431 1577 Α.
470 1517 722 1590 FulviuS,
767 1519 1068 1580 senatoris
1115 1519 1285 1592 filim,
1329 1537 1505 1598 quem
1550 1529 1899 1586 retractum
1914 1541 1981 1583 ex
2030 1524 2238 1584 itinere

63 1619 294 1680 parens
331 1600 528 1662 necari
561 1603 746 1664 iussit.
814 1605 1030 1666 lisdem
1075 1603 1437 1684 temporibus
1480 1605 1701 1666 Romae
1734 1607 2032 1688 Lentulus,
2070 1609 2239 1670 sicuti

65 1687 316 1748 Catilina
337 1697 731 1766 praeceperat,
767 1703 1168 1779 quoscumque
1195 1689 1458 1750 moribus
1484 1697 1583 1750 aut
1606 1691 1841 1756 fortuna
1864 1693 2031 1752 novis
2058 1693 2236 1755 rebus

18 1769 22 1774 ’
65 1773 326 1833 idoneos
353 1773 646 1846 credebat
667 1781 762 1834 aut
789 1791 903 1854 per
922 1795 986 1836 se
1015 1784 1112 1836 aut
1135 1793 1245 1854 per
1273 1775 1416 1836 alios
1446 1774 1807 1850 sollicitabat,
1830 1793 2023 1856 neque
2049 1779 2238 1844 solum

69 1859 238 1931 civiS,
282 1859 390 1918 sed
433 1859 712 1938 cuiusque
739 1861 899 1921 modi
942 1879 1125 1940 genus
1158 1861 1465 1922 hominum
1506 1861 1665 1940 quod
1698 1861 1877 1922 modo
1914 1861 2067 1924 hello
2106 1863 2238 1924 usui
2345 1921 2355 1929 .

71 1947 367 2109 foreCap.
394 2030 512 2093 XL.
557 1982 737 2109 Igitur
761 2030 821 2093 P.
845 2010 1142 2092 Umbreno
1171 2031 1399 2093 cuidam
1424 2033 1727 2111 negotium
1753 2033 1869 2107 dat,
1906 2032 1993 2095 uti
2013 2034 2237 2113 legatos

69 2116 458 2195 Allobrogum
492 2117 747 2195 requirat
785 2134 1005 2195 eosque
1035 2117 1086 2177 si
1117 2118 1306 2197 possit
1327 2118 1584 2197 impellat
1602 2120 1679 2179 ad
1714 2120 2054 2182 societatem
2082 2118 2235 2193 belli,
2304 2152 2310 2162 ι

67 2202 434 2263 existumas
461 2202 694 2281 publice
731 2203 1117 2281 privatimque
1149 2220 1287 2264 aere
1322 2204 1509 2264 alieno
1552 2220 1894 2283 oppressos,
1933 2211 2239 2283 praeterea

69 2289 235 2366 quod
246 2296 468 2349 natura
491 2306 640 2365 gens
661 2288 876 2355 Gallica
890 2288 1169 2350 bellicosa
1187 2298 1364 2362 esset,
1390 2288 1687 2349 facileeos
1702 2289 1777 2348 ad
1794 2289 1909 2354 talc
1926 2288 2236 2351 consilium
2328 2354 2341 2375 ἱ

70 2373 286 2434 adduci
313 2388 512 2451 posse.
559 2372 908 2444 Umbrenus,
937 2375 1096 2449 qnod
1123 2374 1182 2433 in
1210 2372 1391 2433 Gallia
1414 2373 1749 2451 negotiatus
1775 2380 1915 2447 erat,
1938 2373 2237 2453 plerisque

59 2458 444 2538 principibus
489 2456 816 2519 civitatium.
845 2464 1022 2517 notus
1063 2465 1186 2517 erat
1220 2466 1395 2537 atque
1438 2476 1541 2519 eos
1580 2468 1840 2532 noverat,
1874 2459 2075 2539 itaque
2108 2461 2237 2521 sine

67 2562 258 2617 mora,
283 2543 388 2604 ubi
414 2543 668 2621 primum
702 2542 1018 2622 legatosdn
1043 2545 1171 2604 foro
1201 2544 1527 2623 conspexit,
1552 2554 1934 2623 percontatus
1950 2562 2135 2625 pauca
2160 2546 2237 2609 de

71 2640 232 2690 statu
269 2629 508 2693 civitatis
543 2637 603 2689 et
634 2628 1040 2709 quasidolens
1084 2630 1211 2691 eius
1255 2629 1454 2695 casnm
1490 2630 1791 2708 requirere
1817 2634 2031 2710 coepit,
2059 2646 2236 2711 quem

69 2714 292 2775 exitum
311 2716 490 2776 tantis
517 2715 684 2776 malis
711 2711 1070 2795 sperarent?
1120 2716 1437 2795 Postquam
1472 2717 1606 2777 illos
1632 2716 1789 2777 videt
1808 2718 1973 2795 queri
1998 2717 2075 2777 de
2098 2732 2236 2775 ava·-

67 2800 202 2861 ritia
225 2801 686 2878 magistratuum,
709 2818 984 2863 accusare
1000 2800 1286 2862 Senatum
1303 2802 1461 2881 quod
1484 2802 1551 2863 in
1576 2820 1652 2863 eo
1670 2800 1867 2863 auxilii
1890 2802 2035 2862 nihil
2058 2809 2235 2875 oeset,

18 2884 21 2889 ’
65 2886 326 2947 miseriis
361 2886 478 2948 suis
513 2888 840 2949 remedium
875 2896 1124 2949 mortem
1157 2904 1418 2966 sperare,
1446 2888 1517 2947 At
1543 2904 1675 2965 ego,
1708 2884 1913 2965 inquit,
1955 2885 2141 2959 vohi-⁴3,
2182 2887 2234 2947 si

69 2972 252 3033 modo
278 2970 385 3031 viri
409 2990 542 3032 ωδε
555 2971 744 3046 voltis,
775 2974 1064 3035 rationem
1101 2971 1413 3035 ostenda-m
1450 2990 1561 3051 qua
1602 2979 1757 3033 tanta
1780 2971 1895 3031 ista
1914 2970 2063 3031 mala
2086 2974 2234 3033 effu-

69 3058 263 3136 giatis.
319 3058 478 3118 Haec
510 3056 611 3118 ubi
649 3058 806 3131 dixit,
833 3058 1172 3137 Allobroges
1196 3059 1258 3122 in
1282 3073 1613 3121 mam-nm
1636 3074 1805 3137 spem
1832 3057 2068 3119 adducti
2091 3058 2235 3119 Um·-

69 3145 320 3204 hrenum
357 3155 547 3215 orare,
586 3150 652 3203 ut
689 3146 780 3203 sui
805 3146 1203 3214 misereretur,
1238 3142 1383 3205 nihil
1428 3152 1549 3205 tam
1579 3160 1862 3221 asperum.
1898 3161 2089 3223 neque
2110 3152 2234 3204 tam

71 3229 308 3291 difficile
334 3246 488 3303 esse,
521 3228 681 3305 quo‘d
704 3247 823 3289 non
860 3229 1257 3307 cupidissume
1282 3230 1733 3300 facturiesseut,
1760 3228 1900 3289 dum
1928 3248 1995 3289 ea
2022 3248 2123 3293 res
2143 3228 2231 3289 ci-

73 3310 306 3376 vitatem
323 3334 466 3383 aere
496 3314 686 3375 alieno
709 3313 1002 3377 liberaret.
1041 3315 1156 3378 ule
1181 3315 1646 3377 eosinnomum
1672 3315 1739 3377 ἰ).
1758 3314 1921 3376 Bruti
1945 3314 2229 3394 perducit,

17 3444 28 3477 ,y
67 3402 232 3480 'quod
275 3402 402 3461 soto
435 3400 770 3480 propinqum
803 3407 924 3461 erat
959 3418 1154 3479 neque
1185 3400 1375 3463 aliena
1414 3400 1647 3462 consilii
1680 3408 1923 3479 propter
1944 3402 2231 3478 Sempro-

25 3478 31 3486 ’
77 3488 250 3558 cnam,
274 3505 412 3549 nam
435 3496 562 3547 tum
589 3486 810 3549 Brutus
848 3484 922 3546 ab
948 3485 1134 3547 Romi
1171 3486 1387 3547 aberat.
1450 3486 2089 3625 Praetorea2Gabinium
2126 3502 2229 3545 ac·-

1802 3569 1829 3599 ιιι
