2400 3900
190 57 275 120 94
350 52 825 125 (1.8ΑΙιῙιΠ8ΤΙΙ
868 51 1110 123 CRISPI
1152 0 1366 114 Bm..
1389 51 1746 118 mmmm.
1787 71 1840 116 e.
1870 49 2010 116 113.
2035 53 2210 118 114.

190 179 422 259 scepei
452 176 643 238 bonae
674 171 835 252 pleni
868 189 1025 234 esse.
1083 171 1201 232 Sed
1237 178 1413 232 nocte
1443 187 1538 244 ea,
1573 189 1747 251 quae
1760 187 2043 252 proxuma
2080 174 2206 236 fuit
2237 183 2374 238 ante

192 265 345 328 diem
368 257 657 339 colloquio
684 258 1001 352 decretum,
1027 257 1264 320 Maurus
1283 255 1562 317 adhibitis
1581 257 1797 332 amicis,
1826 277 1895 321 ac
1915 259 2116 320 statim
2139 261 2375 323 imum--¹

190 358 313 414 tata
342 347 639 411 voluntate
671 329 915 407 remotis
950 343 1197 422 [ceteris]
1231 341 1446 402 dicitur
1485 359 1690 404 secum
1719 343 1848 424 ipse
1875 345 2126 408 multum
2175 348 2375 426 agita-

124 500 131 508 ,
190 435 365 508 visse,
396 430 555 494 voltu
588 429 857 509 corporis
882 429 1102 510 pariter
1132 437 1307 507 atque
1329 426 1524 488 animo
1558 429 1768 500 varius,
1808 448 1956 509 quae
1993 431 2255 505 scilicet,
2283 441 2372 494 ta-

192 527 361 584 cente
384 517 537 598 ipso,
572 515 797 579 occulta
833 514 1087 594 pectoris
1122 512 1492 593 patefecisse
1535 515 1757 576 Tamen
1794 525 2101 595 postremo
2131 519 2368 580 Sullam

192 603 413 684 accersi
432 603 595 664 iubet
620 609 679 664 et
702 619 772 663 ex
806 603 935 662 eius
958 599 1246 662 sententia
1271 598 1555 660 Numidae
1578 599 1820 664 insidias
1853 602 2058 664 tendit.
2106 603 2366 678 Deinde,

189 690 295 754 ubi
318 689 445 752 dies
466 687 699 750 advenit
716 692 775 748 et
795 687 850 746 ei
876 685 1214 748 nunciatum
1235 695 1343 757 est,
1362 685 1702 764 Iugurtham
1719 687 1875 748 haud
1893 688 2104 766 procul
2119 689 2364 762 abesse,

192 793 327 838 cum
346 773 548 855 paucis
568 771 769 834 amicis
790 777 849 836 et
871 772 1193 843 Quaestore
1217 779 1424 832 nostro
1449 771 1618 850 quasi
1641 771 1847 834 obvius
1867 773 2118 834 honoris
2145 793 2362 836 caussa

192 860 488 942 procedit
472 878 535 922 ιιι
555 857 845 920 ιιιιιιιιΙιιιιι
868 855 1220 918 facillumum
1244 856 1372 916 visu
1387 856 1812 920 insidiantibus
1855 858 2080 920 Eodem
2099 860 2362 922 Numida

194 963 324 1011 cum
358 945 652 1026 plerisque
686 939 1037 1004 necessariis
1070 940 1214 1014 suis,
1247 940 1530 1015 inermuS,
1567 943 1650 1004 uti
1683 943 1898 1005 dictum
1925 953 2070 1018 erat,
2106 947 2379 1018 aceedit,

192 1050 263 1092 ac
299 1033 491 1094 statim
522 1030 691 1108 signo
732 1025 867 1086 dato
912 1025 1169 1105 undique
1209 1026 1383 1088 simul
1424 1045 1492 1089 ex
1529 1027 1756 1090 insidiis
1793 1029 2103 1093 invaditur.
2166 1032 2359 1093 Ceteri

194 1116 545 1186 obtruncati,
574 1113 853 1192 Iugurtha
887 1111 1117 1174 vinctus
1152 1112 1348 1182 Sullae
1382 1113 1644 1188 traditur,
1683 1124 1742 1176 et
1775 1114 1852 1176 ab
1886 1134 1958 1178 eo
1991 1117 2066 1207 ad
2101 1115 2358 1181 Marium

196 1203 479 1266 deductus
502 1205 629 1262 est.

324 1287 487 1388 COap.
522 1283 713 1348 cxlv.
768 1283 880 1345 Per
918 1283 1075 1346 idem
1116 1292 1350 1365 tempus
1385 1283 1703 1346 advorsum
1739 1284 1936 1346 Gallos
1971 1286 2048 1346 ab
2092 1268 2381 1348 ducibus

194 1373 416 1436 nostris
437 1373 513 1446 Q.
537 1368 831 1448 Caepione
864 1374 921 1429 et
944 1368 1021 1430 M.
1046 1368 1261 1430 Manlio
1298 1367 1449 1428 male
1483 1378 1826 1448 pugnatum,
1866 1389 1981 1450 quo
2003 1379 2169 1433 metu
2195 1372 2358 1434 ltalia

198 1460 393 1522 omnis
416 1459 867 1520 contremuerat.
911 1453 1114 1532 illique
1150 1461 1210 1516 et
1239 1454 1376 1514 inde
1402 1473 1588 1533 usque
1619 1456 1694 1516 ad
1721 1465 1982 1519 nostram
2006 1458 2354 1520 memoriam

194 1543 446 1606 Romani
476 1542 563 1604 sic
587 1538 865 1612 habuere,
891 1536 997 1598 alia
1022 1539 1218 1600 omnia
1238 1537 1431 1604 virtuti
1453 1557 1594 1600 suae
1619 1551 1808 1620 prona
1833 1560 1984 1615 esse,
2011 1560 2151 1604 cum.
2173 1543 2383 1622 Gallis

196 1647 309 1710 pro
348 1629 552 1702 salute,
588 1643 711 1688 non
741 1643 849 1703 pro
888 1624 1073 1702 gloria
1103 1633 1348 1687 certare.
1391 1623 1510 1686 Sed
1545 1636 1855 1706 postquam
1889 1589 2106 1689 beilum
2145 1629 2212 1689 in
2233 1629 2383 1690 Nu-

198 1714 379 1776 midia
410 1716 744 1778 confectum
776 1717 836 1770 et
860 1708 1195 1788 Iugurtham
1219 1710 1464 1773 Romam
1499 1711 1756 1774 vinctum
1781 1713 1992 1776 adduci
2011 1714 2354 1776 nunciatum

200 1809 321 1875 est,
355 1800 569 1862 Marius
610 1795 817 1858 consul
856 1794 1073 1856 absens
1120 1796 1308 1857 lactus
1347 1803 1408 1855 et
1445 1794 1499 1855 ei
1538 1796 1770 1860 decreta
1803 1799 2101 1888 provincia
2139 1800 2352 1875 Gallia;

80 1895 89 1900 “
198 1886 367 1967 isque
392 1884 666 1946 Kalendis
692 1878 971 1942 Ianuariis
995 1897 1201 1958 magna
1231 1878 1410 1959 gloria
1429 1880 1647 1950 Consul
1663 1877 2056 1966 triumphavit.
2101 1885 2182 1949 Ea
2205 1895 2352 1949 tem-

199 1980 427 2053 pestate
450 1990 589 2051 spes
610 1975 786 2047 atque
810 1984 957 2045 opes
984 1964 1232 2027 civitatis
1256 1967 1319 2027 in
1351 1965 1452 2029 illo
1478 1968 1644 2032 sitae.
2031 2034 2056 2049 χ
2127 2016 2136 2031 ,
2383 1934 2385 2005 4
