2400 3900
24 3494 37 3504 “
109 3476 423 3545 malebant.

112 17 152 81 6
801 17 863 76 C.
903 17 1293 76 SALLUSTII
1340 16 1585 78 CRISPI

115 137 458 217 quammali
479 136 876 214 suspectiores
903 145 1056 207 sunt,
1093 153 1439 214 semperque
1471 135 1544 194 iis
1571 135 1758 197 aliena
1784 135 1965 198 virtus
1996 135 2317 198 formido-

111 225 240 284 losa
275 231 384 282 est.
457 222 577 282 Sed
627 221 826 282 civitas
859 220 1200 282 incredibile
1238 229 1563 282 memoratu
1604 231 1697 282 est
1742 223 1954 301 adepta
2008 222 2311 284 libertate

67 303 75 310 ⁴
115 317 394 388 quantum
429 306 593 367 brevi
627 307 886 380 creverit,
927 315 1086 367 tanta
1113 307 1327 384 cupido
1360 306 1576 384 gloriae
1598 307 1939 368 incesserat.
1998 308 2125 370 lam
2164 310 2315 388 pri-

111 393 584 466 mumiuventuS,
621 393 796 453 simul
827 392 1070 454 acbelli
1107 393 1333 474 patiens
1358 401 1499 466 erat,
1532 392 1597 453 in
1633 393 1843 455 castris
1876 411 1985 472 per
2018 393 2315 456 laborem

110 500 226 541 usu
267 479 528 540 militiam
579 478 854 552 discebat,
891 479 1211 557 magisque
1248 479 1311 538 in
1350 478 1585 538 decoris
1617 479 1805 540 >armis
1846 486 1903 540 et
1940 479 2311 542 militaribus

113 565 280 644 equis
318 583 492 642 quam
523 564 586 624 in
623 565 832 626 scortis
867 570 1042 642 atque
1077 563 1353 626 conviviis
1382 563 2047 629 lubidinemhabebant.
2100 565 2313 646 Igitur

109 651 326 714 talibus
353 649 488 713 viris
512 669 632 710 non
656 649 820 712 labos
843 649 1131 723 insolitae,
1153 669 1301 710 rnon
1320 649 1501 714 ,locus
1535 651 1689 714 ullus
1722 659 2037 730 aspen-..aut
2059 651 2309 714 arduus

112 747 254 809 erat,
283 755 403 798 non
425 746 677 798 armatus
695 735 884 797 hostis
905 735 1351 810 formidolosus;
1374 735 1555 798 virtus
1574 736 1769 799 omnia
1792 737 2119 800 domuerat.
2170 738 2311 800 Sed

113 822 333 901 gloriae
363 839 702 886 maxumum
745 829 1040 882 certamen
1072 821 1227 882 inter
1266 821 1433 900 ipsos
1470 831 1623 897 erat3
1666 841 1732 884 se
1768 822 2017 901 quisque
2045 823 2306 886 hostem

109 908 305 980 ferire,
335 926 572 968 murum
599 908 936 980 ascendere,
989 906 1255 986 conspici
1308 907 1449 970 dum
1478 908 1597 970 tale
1630 909 2108 974 facinusfaoeret
2146 928 2309 988 pro-

108 994 386 1076 perabat3
435 1010 534 1054 eas
564 991 809 1065 divitiae,
845 1010 974 1054 eam
1006 994 1225 1054 bonam
1258 993 1473 1054 famam
1500 1008 1891 1072 magnamque
1924 987 2307 1064 nobilitatem

109 1079 424 1160 putabant3
451 1077 642 1138 laudis
669 1078 840 1153 avidi,
866 1079 1152 1158 pecuniae
1176 1057 1449 1139 liber-bles
1470 1087 1665 1152 erant3
1688 1079 1935 1156 gloriam
1962 1079 2304 1158 ingentem,

112 1165 340 1226 divitias
394 1163 676 1228 honestas
723 1165 1011 1227 volebant.
1095 1163 1425 1226 Memorare
1468 1181 1730 1244 possem,
1784 1164 1995 1244 quibus
2042 1166 2105 1226 in
2140 1167 2303 1228 locis

112 1267 415 1314 maxumas
447 1251 711 1313 hostium
755 1251 955 1328 copias
993 1252 1247 1330 populus
1287 1251 1587 1312 Romanus
1623 1268 1801 1330 parva
1835 1269 2015 1313 manu
2052 1252 2303 1326 fuderit,

114 1355 258 1414 quas
293 1334 471 1396 urbes
510 1345 716 1396 natura
761 1337 1011 1396 munitas
1059 1337 1379 1415 pugnando
1416 1335 1653 1414 ceperit,
1702 1337 1765 1398 ni
1816 1354 1881 1396 ea
1916 1353 2012 1402 res
2050 1336 2301 1416 longius

109 1439 222 1486 nos
261 1420 334 1482 ab
369 1421 605 1500 incepto
641 1423 911 1483 traheret.
2012 1462 2015 1470 ·

241 1507 402 1584 Cap.
449 1507 592 1568 Vlll.
639 1508 756 1568 Sed
781 1508 1046 1587 profecto
1073 1505 1306 1568 fortuna
1330 1503 1391 1564 in
1418 1504 1580 1564 omni
1600 1521 1665 1564 re
1691 1504 2060 1581 dominatur;
2094 1525 2164 1568 ea
2191 1528 2298 1570 res

113 1597 355 1654 cunctas
385 1610 453 1652 ex
478 1593 736 1654 lubidine
761 1611 938 1672 quam
961 1611 1033 1652 ex
1065 1609 1205 1652 vero
1226 1590 1483 1652 celebrat
1501 1590 1915 1670 obscuratque.
1961 1593 2299 1656 Athenien-

111 1677 266 1748 sium
304 1695 400 1738 res
435 1689 650 1756 gestae,
702 1679 871 1766 sicuti
903 1681 1014 1756 ‘ego
1066 1687 1350 1750 aestum0,
1386 1675 1527 1738 satis
1564 1675 1789 1753 amplae
1821 1678 2301 1758 magnificaeque

110 1764 294 1836 fuere,
328 1781 534 1824 verum
575 1765 866 1843 aliquanto
909 1765 1168 1826 minores
1203 1768 1399 1824 tamen
1436 1780 1614 1841 quam
1640 1763 1794 1823 fama
1830 1765 2117 1826 feruntur.
2167 1767 2298 1828 Sed
2374 1763 2377 1790 ⁴

114 1849 248 1928 quia
276 1868 600 1927 provenere
625 1850 707 1909 ibi
736 1851 1091 1928 scriptorum
1114 1867 1327 1926 magna
1351 1849 1601 1926 ingenia,
1632 1867 1742 1928 per
1763 1856 2055 1911 terrarum
2079 1851 2301 1914 orbem
2364 1884 2371 1897 ·

111 1934 557 1996 Atheniensium
595 1937 742 1997 facta
777 1956 885 2015 pro
909 1934 1196 1996 maxumis
1232 1933 1641 1995 celebrantur..
1682 1935 1768 1996 lta
1800 1956 2023 2011 eorum,
2072 1938 2168 2017 qui
2220 1958 2299 1999 ea

110 2021 321 2093 secere,
361 2020 540 2083 virtus
575 2028 729 2083 tanta
767 2022 1034 2094 habetur,
1081 2027 1363 2099 quantum
1401 2038 1469 2079 ea
1501 2019 1693 2083 verbis
1728 2029 1973 2099 potuere
2011 2024 2295 2085 extollere

108 2107 412 2185 praeclara
434 2108 686 2185 ingenia.
729 2110 805 2169 At
823 2108 1042 2187 populo
1067 2107 1335 2169 Romano
1365 2124 1686 2184 numquam
1716 2126 1785 2167 ea
1810 2110 1975 2189 copia
2000 2109 2123 2182 fuit,
2152 2112 2297 2188 quia¹

109 2192 629 2273 prudentissumus
675 2193 922 2273 quisque
946 2210 1219 2253 maxume
1245 2190 1590 2269 negotiosus
1616 2201 1756 2267 erat,
1780 2193 2081 2273 ingenium
2110 2213 2293 2256 nemo

109 2278 240 2341 sine
273 2297 520 2359 corpore
549 2280 874 2353 exercebat,
912 2286 1188 2361 optumus
1222 2276 1473 2356 quisque
1498 2278 1693 2338 facere
1719 2298 1892 2358 quam
1921 2280 2135 2351 dicere,
2178 2300 2291 2341 sua

110 2362 185 2425 ab
214 2364 340 2436 aliis
364 2366 520 2427 bene
545 2368 695 2428 facta
719 2365 943 2428 laudari
965 2374 1136 2445 quam
1161 2363 1293 2443 ipse
1318 2363 1567 2425 eliorum
1585 2382 1821 2427 narrare
1840 2365 2110 2427 malebat.

239 2448 400 2528 Cap.
445 2451 544 2512 IX.
589 2454 770 2529 Igitur
796 2451 955 2513 domi
983 2448 1335 2529 militiaeque
1351 2450 1495 2512 boni
1518 2467 1715 2513 mores
1738 2452 2111 2525 colebantur,
2138 2468 2289 2513 con—

112 2532 310 2606 cordia
333 2550 620 2609 maxuma,
647 2537 904 2597 minuma
927 2536 1161 2597 avaritia
1185 2543 1342 2609 erat3
1368 2536 1460 2597 ius
1484 2536 1826 2614 bonumque
1848 2538 2005 2614 apud
2032 2554 2133 2595 eos
2160 2554 2289 2597 non

107 2618 340 2697 legibus
367 2620 554 2699 magis
579 2638 753 2700 quam
785 2628 992 2681 natura
1032 2621 1281 2681 valebat.
1340 2621 1553 2697 Iurgia,
1589 2621 1931 2693 discordias,
1960 2618 2285 2706 simultates

112 2723 247 2767 cum
278 2705 550 2767 hostibus
587 2706 952 2779 exercebant,
991 2705 1144 2767 cives
1184 2723 1319 2767 cum
1354 2704 1575 2767 civibus
1610 2706 1686 2765 de
1711 2704 1919 2765 virtute
1956 2703 2283 2781 certabant;

109 2790 174 2853 in
212 2792 514 2872 suppliciis
542 2794 786 2857 deorum
810 2791 1121 2871 magnifici,
1158 2790 1319 2851 domi
1342 2790 1523 2870 parci,
1559 2790 1623 2851 in
1640 2790 1845 2853 amicis
1868 2791 2073 2853 fideles
2098 2802 2281 2853 erant.

106 2874 350 2940 Duabus
389 2880 482 2940 his
519 2879 759 2952 artibus,
789 2879 1038 2941 audacia
1069 2878 1134 2939 in
1161 2877 1335 2949 bello,
1381 2876 1483 2938 ubi
1518 2896 1635 2957 pax
1674 2885 1949 2941 evenerat
1977 2875 2277 2957 aequitate,
2370 2904 2377 2926 a

109 2979 294 3040 seque
315 2982 560 3045 remque
589 2964 880 3045 publicam
909 2964 1211 3026 curabant.
1250 2963 1510 3037 Quarum
1532 2981 1729 3023 rerum
1754 2981 1863 3043 ego
1882 2979 2151 3027 maxuma
2168 2962 2279 3021 do-

111 3056 380 3110 cumenta
401 3051 548 3113 haec
574 3050 798 3113 habeo:
836 3052 994 3130 quod
1013 3051 1086 3110 ‘in
1107 3049 1270 3113 bello
1298 3048 1535 3127 saepius
1560 3049 1915 3111 vindicatum
1952 3046 2129 3109 estin
2157 3065 2275 3121 eos,
2375 3068 2376 3109 ῖ

111 3133 212 3213 qui
237 3144 440 3197 contra
475 3138 790 3218 imperium
813 3136 876 3199 in
900 3137 1138 3200 hostem
1155 3141 1573 3215 pugnaverant,
1616 3135 1833 3215 quique
1860 3133 2086 3197 tardius
2111 3151 2276 3193 revo—
2358 3134 2376 3194 ,’

111 3220 224 3281 cati
247 3222 474 3300 proelio
500 3232 892 3297 excesserant,
927 3242 1104 3303 quam
1125 3222 1221 3301 qui
1259 3224 1425 3300 signa
1456 3221 1790 3300 relinquere
1826 3229 1927 3281 aut
1958 3218 2114 3299 pulsi
2146 3219 2271 3280 loco

112 3305 322 3367 cedere
355 3309 480 3371 ausi
505 3320 701 3386 erant3
749 3311 812 3372 in
843 3328 990 3390 pace
1015 3326 1156 3369 vero
1197 3308 1357 3385 quod
1379 3306 1680 3369 beneficiis
1704 3324 1875 3387 quam
1910 3312 2071 3367 metu
2093 3305 2273 3385 impe-

109 3391 262 3454 rium
317 3394 642 3473 agitabant,
711 3405 769 3458 et
828 3400 1065 3475 ac'cepta
1119 3393 1331 3457 iniuria
1396 3394 1709 3473 ignoscere
1766 3408 1942 3471 quam
2001 3392 2269 3471 persequi

2348 3468 2377 3510 εἴ
