2400 3900
591 63 804 125 BELL.
839 61 1211 124 ‘lUGURTlL
1255 81 1307 124 c.
1337 59 1567 134 67—‚7
1572 59 1633 123 3.
2014 87 2021 92 ·
2113 63 2191 126 71

11 182 348 261 ’,ιιςιιι-ιιιεθ
379 183 540 247 sesso
569 191 666 244 aut
695 180 1019 247 maioribus
1057 181 1334 244 adstricto
1360 193 1807 260 superaverant,
1846 199 1917 242 ex
1958 200 2073 262 quo
2114 184 2195 246 illi

11 269 208 348 &oria
251 287 522 348 opesque
565 269 854 332 inventae.
927 267 1112 345 Igitur
1158 266 1467 344 utriusque
1522 267 1765 330 consilio
1803 267 1929 329 dies
1967 269 2195 334 insidiis

11 355 320 428 statuitur,
363 364 580 429 cetera,
605 355 688 417 uti
707 374 804 416 res
832 362 1124 434 posceret,
1153 371 1226 413 ex
1251 360 1520 448 tempore
1544 354 1736 432 parari
1760 353 1997 434 placuit.
2038 356 2197 418 Nab-

11 441 186 506 amsa
229 441 312 500 ad
351 441 666 504 exercitum
704 442 1042 520 profectuS,
1102 457 1279 518 quem
1327 437 1481 500 inter
1524 437 1772 500 hiberna
1794 441 2195 505 Romanorum
2284 471 2299 482 =

11 529 230 591 mssus
253 527 530 601 habehat,
563 545 644 591 ne
665 543 826 604 ager,
858 524 1058 586 inultis
1081 524 1375 598 hostibus,
1411 533 1758 586 vastaretur.
1801 526 1859 602 Is
1877 537 2197 609 postquam

11 613 432 691 magnitudine
475 613 750 677 facinoris
787 611 1094 694 perculsus
1149 611 1227 672 ad
1259 620 1495 689 tempus
1530 629 1653 673 non
1694 611 1851 672 venit
1886 621 2196 694 metusque

11 717 146 760 rem
171 699 556 778 impediebat,
580 697 872 760 Bomilcar
895 696 1069 758 simul
1087 696 1340 776 cupidus
1360 696 1595 777 incepta
1610 697 1881 777 patrandi
1905 708 1961 760 et
1985 700 2197 763 timore

11 785 168 846 socii
205 785 448 857 anxiuS,
503 801 580 846 ne
613 783 835 846 omisso
860 789 1061 843 vetere
1097 783 1344 844 consilio
1372 801 1593 846 novum
1628 792 1961 863 quaereret,
2002 785 2195 850 literas

11 872 90 933 ad
133 889 282 932 eum
316 889 426 949 per
449 868 720 930 homines
743 869 934 932 fidelis
957 866 1148 942 mittit,
1182 868 1244 931 in
1272 869 1403 950 quis
1428 868 1727 932 mollitiam
1750 868 2197 949 socordiamque

11 957 126 1021 riri
151 974 458 1029 accusare,
491 955 690 1017 testari
710 956 875 1028 deoS‚
896 973 1020 1035 per
1043 973 1192 1035 quos
1216 954 1542 1030 iuravisset,
1577 973 1819 1019 monere
1844 973 1920 1016 ne
1942 957 2203 1034 praemia

11 1041 248 1105 metelli
284 1041 346 1102 in
383 1052 614 1138 pestem
643 1048 1034 1114 convorteret,
1067 1041 1383 1119 Iugurthae
1408 1040 1647 1102 exitium
1673 1043 1901 1115 adesse,
1938 1047 2201 1104 ceterum
2308 1075 2325 1084 -

11 1145 216 1190 suane
245 1145 324 1188 an
351 1127 562 1190 virtute
581 1127 795 1188 Metelli
818 1127 1056 1208 periret,
1087 1126 1148 1187 id
1168 1127 1351 1188 modo
1370 1115 1601 1204 agitari3
1628 1127 1880 1208 proinde
1906 1138 2202 1207 reputaret

12 1232 160 1278 cum
193 1213 394 1274 animo
417 1233 548 1287 suo,
572 1213 828 1292 praemia
849 1231 924 1274 an
953 1211 1273 1274 cruciatum
1298 1211 1511 1274 mallet.

159 1299 324 1378 Cap.
347 1299 556 1366 LXXI,
596 1299 713 1361 Sed
741 1317 922 1378 quum
943 1297 1055 1358 hae
1076 1295 1276 1359 literae
1302 1297 1527 1360 adlatae
1560 1307 1715 1371 sunt,
1750 1299 1899 1359 forte
1914 1298 2207 1360 Nabdalsa

12 1385 286 1447 exercito
313 1403 564 1464 corpore
589 1386 782 1450 fessus
806 1384 868 1454 in
887 1384 1042 1445 lecto
1067 1383 1437 1462 quiescebat3
1465 1383 1565 1445 ubi
1591 1383 1839 1462 cognitis
1862 1385 2207 1448 Bomilcaris

19 1470 230 1532 verbis
253 1471 444 1552 primo
471 1489 627 1544 cura,
653 1470 882 1544 deinde,
909 1469 994 1532 uti
1013 1488 1255 1548 aegrum
1281 1470 1538 1532 animum
1566 1470 1733 1548 solet,
1758 1489 2003 1533 somnus
2031 1471 2206 1550 cepit.

17 1559 172 1618 Erat
197 1556 252 1616 ei
284 1557 533 1620 Numida
567 1556 804 1636 quidam
839 1555 1207 1654 negotiorum
1234 1565 1486 1629 curator,
1521 1556 1677 1616 fidus
1710 1564 2105 1638 acceptusque
2149 1564 2209 1618 et

21 1641 303 1704 omnium
341 1643 752 1716 consiliorum,
803 1642 918 1704 nisi
959 1641 1317 1716 novissumi,
1356 1640 1674 1722 particeps,
1736 1641 1847 1714 Qui
1884 1650 2205 1722 postquam

25 1728 260 1790 adlatas
279 1717 480 1790 literas
508 1729 746 1801 audivit,
775 1745 843 1788 ex
873 1726 1299 1790 consuetudine
1320 1736 1485 1792 ratus
1509 1745 1691 1806 opera
1714 1735 1813 1788 aut
1833 1725 2069 1804 ingenio
2094 1747 2205 1788 suo

27 1833 188 1893 opus
219 1833 348 1874 esse
370 1815 431 1876 in
449 1813 890 1877 tabernaculum
921 1812 1171 1887 introiit,
1201 1812 1529 1874 dormiente
1556 1813 1655 1876 illo
1688 1805 1991 1892 epistolam
2026 1831 2207 1891 super

31 1907 214 1979 caput
245 1899 309 1961 in
352 1900 585 1979 pulvino
620 1908 842 1961 temere
872 1899 1125 1980 positam
1162 1898 1341 1961 sumit
1374 1917 1447 1961 ac
1466 1898 1732 1979 perlegit,
1771 1898 1907 1961 dein
1931 1915 2207 1979 propere,

29 1985 288 2063 cognitis
310 1986 554 2060 insidiis,
582 1986 655 2047 ad
675 2004 875 2065 regem
893 1986 1104 2065 pergit.
1149 1974 1441 2047 Nabdalsa
1459 1987 1655 2065 paullo
1671 1992 1810 2066 post
1832 1994 2206 2066 experrectus

33 2073 140 2135 ubi
166 2077 358 2151 neque
379 2072 684 2153 epistolam
709 2073 973 2152 repperit
992 2081 1049 2132 et
1069 2091 1194 2133 rem
1221 2090 1475 2145 omnem,
1498 2072 1579 2134 uti
1600 2082 1725 2134 acta
1749 2081 1891 2146 erat,
1918 2072 2207 2150 cognovit,

33 2158 226 2237 primo
243 2156 496 2219 indicem
513 2159 794 2237 persequi
809 2167 1072 2227 conatus,
1090 2168 1401 2238 postquam
1420 2159 1479 2219 id
1496 2160 1707 2220 frustra
1726 2158 1851 2229 fuit,
1864 2158 2208 2235 Iugurtham

37 2243 310 2323 placandi
337 2244 518 2323 gratia
546 2245 800 2318 accedit3
845 2244 998 2320 dicit,
1037 2262 1187 2323 quae
1208 2244 1341 2322 ipse
1366 2244 1687 2321 paravisset
1721 2244 1931 2317 facere,
1965 2241 2211 2322 perfidia

39 2328 268 2391 clientis
295 2330 388 2391 sui
414 2338 766 2408 praeventa;
799 2330 1132 2391 lacrumans
1163 2329 1491 2411 obtestatur
1520 2347 1629 2407 per
1650 2328 1959 2391 amicitiam
1985 2345 2207 2407 perque

43 2434 152 2477 sua
193 2423 360 2479 antea
399 2414 651 2479 fideliter
689 2422 843 2485 acta,
904 2433 980 2475 ne
1029 2432 1211 2492 super
1256 2412 1359 2473 tali
1400 2414 1623 2475 scelere
1674 2421 2019 2494 suspectum
2064 2431 2204 2483 ,sese

39 2499 302 2563 haberet.

174 2583 576 2667 cap.Lxx11.
632 2586 724 2647 Ad
763 2603 832 2647 ea
859 2602 982 2657 rex,
1022 2583 1188 2644 aliter
1223 2590 1400 2663 atque
1434 2585 1629 2645 animo
1664 2585 1934 2665 gerebat,
1972 2585 2203 2667 placide

41 2670 362 2751 respondit.
395 2671 722 2734 Bomilcare
739 2670 982 2751 aliisque
999 2669 1217 2745 multis,
1240 2689 1387 2751 quos
1408 2670 1605 2733 socios
1622 2670 1967 2735 insidiarum
1984 2690 2209 2749 cogno-
2238 2671 2247 2683 “

43 2767 219 2831 verat,
254 2758 588 2830 interfectis,
622 2758 766 2821 iram
805 2764 1200 2836 oppresserat,
1237 2774 1311 2817 ne
1348 2775 1461 2838 qua
1497 2776 1569 2818 ex
1610 2757 1679 2818 eo
1717 2758 1955 2839 negotio
1992 2756 2207 2817 seditio

11 2822 310 2907 'oriretun
355 2844 560 2923 Neque
589 2856 731 2922 post
751 2843 810 2904 id
834 2844 1098 2904 locorum
1121 2842 1433 2921 Iugurthae
1454 2842 1579 2903 dies
1606 2851 1705 2905 aut
1728 2862 1847 2904 nox
1870 2844 1989 2905 ulla
2013 2840 2211 2921 quieta

51 2930 170 3001 suit,
206 2946 396 3009 neque
429 2930 562 2991 loco
595 2948 790 3009 neque
813 2928 1043 2999 mortali
1069 2929 1342 3025 cuiquam
1367 2935 1466 2989 aut
1494 2928 1744 3009 tempori
1782 2927 1925 2989 satis
1947 2927 2207 3003 credere,

55 3015 190 3077 civis
232 3016 552 3093 hostesque
585 3013 751 3085 iuxta
795 3025 1084 3085 metuere,
1139 3013 1632 3094 circumspectare
1682 3013 1881 3075 omnia
1934 3020 1995 3075 et
2044 3016 2213 3077 omni

56 3099 290 3179 strepitu
311 3117 649 3182 pavescere,
686 3099 799 3162 alio
826 3108 1000 3179 atque
1025 3100 1136 3161 alio
1171 3100 1303 3161 loco
1328 3118 1505 3179 saepe
1536 3108 1738 3161 contra
1772 3099 1955 3161 decus
1980 3094 2216 3181 regium

58 3193 226 3249 noctu
241 3187 628 3267 requiescere,
645 3185 940 3257 interdum
961 3204 1172 3248 somno
1193 3186 1415 3247 excitus
1435 3184 1681 3265 arreptis
1698 3186 1877 3247 armis
1895 3186 2207 3250 tumultum

59 3274 266 3349 facere·
290 3271 367 3335 ita
394 3270 726 3344 formidine,
758 3271 924 3348 quasi
946 3272 1233 3344 vecordia,
1262 3272 1557 3351 exagitari.

177 3358 260 3421 Ca
269 3378 326 3438 p
355 3357 606 3421 Lxxnl.
654 3357 836 3437 Igitur
861 3356 1145 3433 Metellus,
1174 3358 1274 3419 ubi
1299 3359 1374 3419 de
1396 3376 1532 3419 casu
1549 3356 1887 3419 Bomilcaris
1910 3367 1971 3421 et
1986 3356 2205 3434 indicio

23 3434 330 3524 patefacto
351 3464 422 3505 ex
441 3443 701 3523 perfugis
721 3442 1010 3521 cognovit,
1039 3462 1251 3508 rursus
1268 3446 1561 3523 tamquam
1578 3444 1651 3507 ad
1678 3442 1973 3535 integrum
1988 3440 2207 3506 bellum

63 3540 256 3601 cuncta
277 3538 442 3613 parat
461 3528 836 3613 festinatque.
881 3528 1124 3592 Marium
1151 3528 1491 3611 fatigantem
1517 3528 1590 3593 de
1618 3528 1999 3613 profectione,
2032 3526 2211 3593 amul
