2400 3900
41 3378 56 3389 ν
173 3349 580 3449 impunitatem
611 3358 670 3413 et
701 3370 806 3412 sua
836 3351 1029 3414 omnia
1061 3352 1447 3424 concederet,
1487 3351 1655 3435 facile
1687 3312 1973 3413 Numidae
2006 3358 2345 3433 persuadet,

191 43 276 108 ⁶6
711 71 720 80 ·
887 42 947 103 C.
995 41 1388 103 SALLUSTII
1432 41 1739 102 CRISPI

197 168 355 240 dere,
375 165 481 227 sed
499 161 762 224 advorsis
781 161 950 240 equis
975 177 1351 234 concurrere,
1374 157 1673 256 implicare
1696 177 1765 222 ac
1783 159 2143 268 perturbare
2174 159 2377 235 aciem,

194 254 276 314 ita
301 249 588 330 expeditis
617 247 914 328 peditibus
937 246 1062 307 suis
1084 245 1273 306 hostis
1298 263 1485 325 paene
1510 245 1695 308 victos
1726 247 1917 310 dare.

319 337 478 434 Cap.
503 335 622 396 Lx.
665 333 889 395 Eodem
920 339 1186 412 tempore
1218 332 1370 414 apud
1400 332 1637 393 Zamam
1672 348 1883 413 magna
1920 333 1975 393 vi
2012 333 2377 397 certabatur

192 421 302 484 Ubi
335 422 580 501 quisque
604 420 834 499 legatus
865 429 967 481 aut
999 419 1271 480 tribunus
1296 418 1553 490 curabat,
1580 436 1650 479 eo
1679 431 1983 481 acerrume
2016 420 2152 500 niti,
2188 439 2373 498 neque

191 507 380 568 alius
363 527 424 569 ιιι
462 507 572 568 alio
594 507 778 586 magis
803 523 977 588 quam
999 506 1061 567 in
1087 523 1223 568 sese
1250 523 1415 586 spem
1441 505 1691 566 habere·
1678 506 2053 586 ‚pariterque
2084 507 2373 586 oppidani

189 611 378 671 agere,
417 612 762 674 oppugnare
799 601 900 654 aut
932 609 1140 670 parare
1176 591 1451 652 omnibus
1488 591 1652 665 lociS,
1694 593 1915 653 avidius
1950 593 2123 653 alteri
2156 593 2377 656 alterosf

189 680 452 741 sauciare
477 699 652 760 quam
679 685 868 741 semet
889 687 1124 756 tegere;
1149 676 1371 738 clamor
1395 677 1717 758 permixtus
1743 678 2103 751 hortatione,
2131 679 2367 748 laetitia,

189 767 437 844 gemitu,
478 767 620 830 item
661 765 940 862 strepitus
985 781 1283 824 armorum
1325 765 1401 826 ad
1442 764 1668 825 coelum
1704 765 1872 839 ferri,
1912 766 2029 826 tela
2068 764 2367 844 utrimque

186 853 401 915 volare.
447 853 566 915 Sed
585 851 684 926 illi,
709 851 812 930 qui
829 849 1063 912 moenia
1089 849 1501 925 defensabant,
1532 850 1635 912 ubi
1660 851 1865 914 hostes
1890 851 2167 930 paullum
2196 853 2363 912 modo

188 958 448 1020 pugnam
477 939 842 1010 remiserant,
869 936 1078 1021 intenti
1097 935 1383 1016 praelium
1412 946 1685 1015 equestre
1706 937 2225 1018 prospectabant;
2260 957 2359 1008 eos,

185 1027 274 1087 uti
325 1043 590 1106 quaeque
629 1021 945 1102 Iugurthae
990 1019 1086 1082 res
1141 1029 1335 1095 erant,
1388 1021 1575 1082 laetos
1626 1026 1836 1098 mod0,
1890 1024 2073 1085 modo
2122 1026 2357 1103 pavidos

183 1111 702 1184 animadvertereS,
721 1128 810 1183 ac,
828 1109 998 1170 sicuti
1013 1106 1393 1171 audiriasuis
1410 1117 1509 1168 aut
1528 1110 1687 1172 cerni
1704 1118 1969 1190 possent,
1984 1111 2359 1175 monerealii

185 1197 282 1260 alii
311 1197 550 1270 hortari,
585 1205 686 1260 aut
723 1214 902 1258 manu
931 1195 1277 1275 significare,
1310 1203 1411 1256 aut
1436 1195 1542 1254 niti
1576 1195 1947 1275 corporibuS,
1974 1195 2099 1258 huc
2134 1205 2203 1257 et
2238 1197 2357 1258 illuc

187 1284 355 1363 quasi
374 1282 676 1354 vitabundi
695 1291 796 1344 aut
807 1281 1088 1344 iacientes
1113 1281 1227 1342 tela
1250 1281 1487 1358 agitare.
1536 1281 1711 1354 Quod
1727 1282 1831 1344 ubi
1852 1281 2034 1343 Mario
2056 1284 2357 1362 cognitum

185 1379 302 1444 est,
336 1387 474 1433 nam
513 1369 564 1432 is
599 1369 664 1430 in
697 1387 768 1443 33
796 1375 962 1446 parte
989 1369 1249 1441 curabat,
1276 1368 1546 1428 consulto
1570 1367 1765 1430 lenius
1792 1387 1967 1448 agere
1994 1387 2062 1430 ac
2088 1370 2355 1432 diffiden-

181 1449 326 1516 tiam
350 1455 437 1518 rei
458 1454 761 1516 simulare.
787 1453 910 1532 pati
927 1453 1209 1515 Numidas
1230 1453 1359 1514 sine
1376 1454 1630 1518 tumultu
1656 1455 1812 1533 regis
1838 1455 2129 1553 praelium
2156 1458 2353 1518 visere.

181 1539 269 1600 lta
301 1541 416 1602 illis
451 1541 645 1604 studio
683 1557 930 1603 suorum
954 1539 1248 1614 adstrictis
1302 1547 1547 1618 repente
1573 1559 1785 1619 magna
1806 1542 1863 1604 vi
1888 1559 2129 1604 murum
2154 1561 2353 1622 aggre-

185 1627 356 1702 ditur,
391 1634 451 1711 3ι
481 1628 598 1690 iam
635 1627 810 1690 scalis
850 1627 1075 1706 egressi
1113 1625 1329 1689 milites
1360 1643 1549 1706 prope
1586 1645 1815 1688 summa
1850 1637 2152 1706 ceperant,
2184 1648 2353 1708 quum

183 1674 461 1794 oppidani
495 1720 870 1787 concurrunt,
907 1713 1154 1793 lapideS,
1193 1713 1415 1792 ignem,-
1442 1713 1555 1774 alia
1588 1721 1892 1792 praeterea
1920 1715 2035 1775 tela
2060 1714 2353 1793 ingerunt.

181 1799 384 1862 Nostri
409 1800 598 1880 primo
615 1801 914 1872 resistere,
937 1798 1162 1860 deinde
1175 1799 1275 1860 ubi
1295 1817 1449 1860 unae
1462 1810 1637 1879 atque
1662 1801 1879 1862 alterae
1900 1801 2091 1865 scalae
2112 1803 2353 1863 commi

182 1891 376 1962 nutae,
419 1887 520 1966 qui
549 1891 1030 1985 supersteterant,
1065 1885 1284 1946 adflicti
1312 1895 1483 1961 sunt3
1516 1886 1715 1961 ceteri,
1752 1905 1989 1970 quoquo
2027 1889 2217 1949 modo
2258 1908 2355 1968 po·
2366 1887 2377 1900 ‘

180 1979 366 2045 tuere,
397 1974 572 2051 pauci
605 1972 836 2050 integri,
865 1986 1076 2049 magna
1107 1989 1245 2050 pars
1276 1972 1617 2035 volneribus
1654 1974 1906 2043 consecti
1944 1972 2189 2036 abeunt.
2250 1976 2355 2035 De

183 2057 362 2136 nique
391 2057 682 2135 utrimque
707 2057 992 2137 praelium
1015 2075 1133 2119 nox
1157 2057 1407 2119 diremit.

311 2142 396 2207 Ca
407 2162 467 2223 p
495 2143 640 2205 LXI.
686 2142 986 2217 Metellus,
1022 2142 1333 2223 postquam
1373 2143 1532 2203 videt
1568 2140 1809 2206 frustra
1820 2144 2123 2241 inceptum
2162 2164 2353 2226 neque

181 2219 464 2309 oppidum
487 2230 636 2311 capi,
655 2248 848 2309 neque
867 2230 1206 2309 Iugurtham
1222 2229 1336 2290 nisi
1354 2249 1425 2291 ex
1443 2228 1676 2291 insidiis
1694 2236 1795 2291 aut
1814 2248 1924 2291 suo
1942 2222 2103 2292 1333
2096 2250 2353 2330 pugnam

181 2317 406 2391 facere,
440 2327 498 2379 et
531 2316 648 2378 iam
680 2322 959 2379 aestatem
991 2324 1251 2377 exactam
1284 2334 1453 2389 esse,
1482 2315 1555 2377 ab
1595 2316 1769 2377 Zama
1806 2315 2057 2383 discedit
2094 2324 2155 2381 et
2186 2318 2259 2380 ιιι
2296 2321 2377 2403 iis]

180 2402 444 2476 urbibuS,
466 2422 615 2484 quae
635 2404 710 2464 ad
733 2422 798 2464 se
816 2404 1160 2465 defecerant
1179 2402 1439 2482 satisque
1468 2402 1729 2463 munitae
1750 2404 1883 2475 loco
1916 2412 2017 2465 aut
2036 2406 2353 2467 moenibus

164 2498 363 2560 -erant,
395 2490 682 2567 praesidia
715 2490 983 2568 imponit.
1027 2490 1299 2551 Ceterum
1336 2488 1653 2551 exercitum
1688 2488 1753 2549 ιιι
1785 2489 2171 2569 provinciam,
2210 2512 2353 2571 quae

181 2590 469 2654 proxuma
501 2582 592 2635 est
614 2575 938 2649 Numidiae,
970 2574 1271 2637 hiemandi
1292 2574 1470 2653 gratia
1498 2572 1763 2636 collocat.
1806 2575 2009 2654 Neque
2029 2575 2088 2635 id
2116 2584 2353 2657 tempus

182 2678 251 2720 ex
285 2658 530 2720 aliorum
567 2678 734 2725 more
773 2660 952 2739 quieti
983 2667 1083 2721 aut
1113 2660 1376 2723 luxuriae
1402 2660 1689 2733 concedit,
1714 2659 1843 2735 sed,
1866 2661 2149 2740 quoniam
2170 2667 2353 2727 armis

178 2744 396 2807 bellum
449 2763 654 2825 parum
698 2746 1087 2825 procedebat,
1128 2747 1373 2807 insidias
1422 2747 1545 2825 regi
1587 2765 1697 2825 per
1739 2748 1960 2809 amieos
2002 2749 2261 2810 tendere
2308 2760 2357 2811 et

182 2851 388 2894 eorum
409 2832 655 2914 perfidia
676 2851 784 2912 pro
817 2832 996 2894 armis
1019 2832 1102 2895 uti
1127 2843 1312 2913 parat.
1358 2834 1539 2915 Igitur
1555 2832 1960 2903 Bomilcarem,
2005 2834 2103 2913 qui
2127 2834 2377 2907 Romael

181 2937 312 2979 cum
335 2919 612 2998 Iugurtha
635 2920 821 2981 fuerat
857 2925 913 2981 et
947 2918 1088 2984 inde
1126 2919 1373 2981 vadibus
1414 2918 1561 2979 datis
1590 2919 1736 2980 clam
1774 2918 2064 2981 Massivae
2100 2920 2175 2983 de
2202 2941 2355 2984 nece

177 3004 452 3067 iudicium
489 3008 736 3085 fugerat,
771 3006 928 3085 quod
963 3005 1016 3066 ei
1050 3024 1159 3085 per
1191 3023 1518 3067 maxumam
1548 3004 1858 3068 amicitiam
1881 3024 2153 3069 maxuma
2180 3012 2353 3089 copia

177 3089 415 3152 fallendi
447 3101 585 3167 erat,
624 3092 821 3153 multis
859 3092 1371 3171 pollicitationibus
1410 3091 1774 3169 aggreditur3
1812 3111 1881 3153 ac
1915 3092 2105 3172 primo
2149 3093 2376 3171 efficit„

177 3176 262 3237 uti
297 3177 368 3237 ad
410 3178 884 3258 se'colloquendi
921 3178 1100 3256 gratia
1135 3178 1399 3240 occultus
1439 3187 1657 3252 vemat,
1695 3178 1907 3239 deinde
1938 3180 2057 3241 fide
2095 3179 2265 3257 data,
2306 3187 2376 3255 si¹

176 3262 514 3341 Iugurtham
542 3266 734 3326 vivum
772 3275 871 3327 aut
901 3273 1174 3325 necatum
1209 3264 1319 3325 sibi
1349 3264 1703 3339 tradidisset,
1728 3266 1872 3338 fore,
1900 3272 1964 3327 ut
1985 3264 2065 3328 illi
2088 3265 2376 3345 Senatus,

160 3452 310 3497 cum
346 3437 582 3513 ingenio
616 3437 818 3511 infido,
849 3446 972 3499 tum
1011 3438 1310 3511 metuenti,
1337 3456 1431 3511 ne,
1461 3438 1511 3498 si
1548 3456 1660 3518 pax
1694 3456 1825 3499 cum
1845 3438 2125 3501 Romanis
2148 3442 2343 3548 tieret,

175 3520 304 3601 ipse
322 3540 466 3607 per
457 3519 824 3583 conditiones
847 3524 918 3585 ad
947 3521 1295 3603 supplicium
1322 3524 1671 3586 traderetur.
