2400 3900
668 56 883 121 nnnc.
924 55 1289 119 monum.
1335 43 1716 136 aas-304
1933 39 1942 44 ’
2177 59 2262 122 ω

95 175 275 238 terim
288 175 655 256 Calpurniae,
676 186 883 260 parato
904 176 1178 252 exercitu,
1196 175 1353 256 legat
1378 175 1490 238 sibi
1507 176 1779 240 homines
1802 177 2034 253 nobilis,
2058 179 2260 242 factio·-

98 279 233 336 soS,
274 281 526 360 ‚quorum
563 263 931 337 auctoritate,
969 281 1119 343 quae
1152 261 1521 341 deliquisset,
1554 264 1776 325 munita
1815 263 1942 326 sore
1968 263 2255 346 sperabat,

98 349 160 407 ιιι
189 347 320 428 quis
345 349 450 409 suit
474 347 746 423 Scaurus,
773 349 941 410 cuius
962 349 1038 408 de
1061 357 1269 410 natura
1289 353 1348 409 et
1370 345 1571 407 habitu
1589 368 1767 431 supra
1789 351 2256 414 memoravimus.

97 433 246 494 Nam
290 433 349 496 in
378 433 631 496 Consule
670 443 875 496 nostro
919 433 1135 497 multae
1170 431 1476 512 bonaeque
1509 442 1664 494 artes
1692 435 1867 497 animi
1906 445 1962 498 et
1988 439 2254 537 corporis

96 526 294 593 erant,
336 534 483 598 quas
520 521 711 582 omnis
746 520 979 581 avaritia
1016 517 1466 600 praepediebat3
1525 520 1751 597 patiens
1794 521 2092 598 laborum,
2137 525 2255 586 acri

93 603 365 683 ingenio,
400 605 541 667 satis
582 605 927 685 providens,
958 603 1095 666 belli
1126 605 1283 666 haud
1319 603 1592 682 ignarus,
1627 603 2015 670 firmissumus
2056 615 2270 672 contra

91 691 356 771 pericula
383 701 440 753 et
472 689 739 752 insidias.
786 691 903 752 Sed
925 687 1185 768 legiones
1212 709 1324 770 per
1341 690 1561 752 ltaliam
1584 689 1893 770 Rhegium,
1917 704 2092 772 atque
2117 695 2254 758 inde

92 776 367 850 Siciliam,
400 795 581 873 porro
605 795 674 836 ex
700 775 892 837 Sicilia
916 776 976 838 in
1002 776 1252 838 Africam
1285 783 1677 847 transvectae3
1709 775 1887 856 igitur
1910 779 2253 860 Calpurnius

90 861 281 935 initio,
315 861 531 942 paratis
558 861 998 934 commeatibus,
1035 863 1247 924 acriter
1266 861 1650 924 Numidiam
1633 880 1939 942 mgnessus
1965 873 2072 938 est,
2105 867 2254 930 mul-

90 955 309 1026 tosque
336 946 599 1008 mortalis
628 955 686 1008 et
714 945 891 1010 urbes
918 947 1135 1027 aliquot
1159 948 1478 1029 pugnando
1500 945 1673 1030 cepit.

228 1031 389 1112 Cap.
426 1028 626 1095 XXIX
683 1033 805 1099 Sed
852 1033 951 1096 ubi
997 1033 1276 1112 Iugurtha
1321 1051 1432 1112 per
1462 1034 1684 1113 legatos
1737 1031 1984 1114 pecunia
2030 1039 2253 1098 tentare

92 1117 367 1198 bellique,
394 1117 549 1198 quod
570 1117 1031 1188 administrabat,
1058 1119 1432 1200 asperitatem
1459 1120 1774 1182 ostendere
1798 1117 2006 1198 coepit,
2031 1118 2256 1184 animus

92 1222 274 1282 aeger
298 1204 530 1266 avaritia
564 1205 729 1268 facile
768 1223 1101 1268 convorsus
1129 1211 1239 1266 est.
1285 1201 1555 1266 Ceterum
1593 1204 1790 1268 socius
1828 1213 1888 1266 et
1917 1203 2260 1267 administer

94 1290 365 1352 omnium
402 1289 783 1352 consiliorum
820 1280 1146 1354 adsumitur
1188 1291 1462 1366 Scaurus,
1497 1289 1597 1369 qui
1629 1291 1860 1352 tametsi
1897 1309 1930 1352 a
1951 1289 2258 1371 principio,

92 1375 399 1456 plerisque
420 1395 490 1436 ex
515 1375 765 1438 factione
786 1375 909 1438 eius
931 1375 1240 1456 corruptis,
1265 1393 1566 1438 acerrume
1584 1394 1784 1475 regem
1801 1375 2258 1456 impugnaverat,

89 1471 291 1522 tamen
327 1461 724 1539 magnitudine
756 1461 1039 1544 pecuniae
1073 1479 1105 1522 a
1142 1459 1303 1524 bono
1337 1459 1706 1542 honestoque
1742 1462 1804 1524 in
1842 1479 2085 1542 pravum
2117 1459 2258 1526 abs-

88 1553 314 1608 tractus
363 1554 472 1608 est.
530 1545 644 1610 Sed
678 1547 959 1626 Iugurtha
998 1549 1251 1626 primum
1294 1547 1697 1611 tantummodo
1733 1545 1870 1608 belli
1913 1566 2138 1610 moram
2163 1563 2259 1610 re-

90 1632 369 1706 dimebat,
409 1630 782 1708 existumanS,
817 1652 953 1696 sese
986 1629 1200 1714 aliquid
1237 1630 1472 1695 interim
1493 1633 1716 1696 Romae
1743 1631 1928 1712 pretio
1951 1643 2050 1696 aut
2078 1633 2260 1712 gratia

92 1719 470 1780 effecturum·
456 1761 473 1792 ,
497 1729 708 1797 postea
730 1736 869 1779 vero
892 1737 1067 1798 quam
1094 1717 1436 1800 participem
1461 1715 1679 1814 negotii
1706 1721 1990 1779 Scaurum
2016 1719 2257 1816 accepit,

90 1804 155 1866 in
177 1819 509 1922 maxumam
538 1821 703 1882 spem
727 1801 1015 1866 adductus
1036 1799 1472 1884 recuperandae
1493 1804 1671 1886 pacis,
1695 1803 1896 1867 statuit
1917 1821 2051 1864 cum
2073 1801 2158 1864 eis
2183 1804 2258 1867 de

90 1889 255 1951 omni
256 1887 369 1951 bus
400 1887 771 1971 pactionibus
794 1907 1077 1973 praesens
1105 1909 1296 1969 agere.
1345 1887 1617 1953 Ceterum
1636 1889 1856 1953 interea
1894 1887 2028 1951 fidei
2055 1907 2255 1955 caussa

93 1974 344 2039 mittitur
364 1992 396 2035 a
423 1974 673 2049 Consule
698 1976 930 2041 Sextius
958 1985 1239 2075 quaestor
1267 1977 1330 2039 ιιι
1359 1977 1644 2059 oppidum
1661 1976 1978 2073 Iugurthae
1994 1974 2256 2049 Vaccam,

92 2060 263 2123 cuius
298 2060 386 2125 rei
420 2060 648 2144 speeies
685 2071 809 2125 erat
848 2064 1111 2143 acceptio
1151 2063 1452 2137 frumenti,
1491 2063 1648 2143 quod
1689 2054 2034 2144 Calpurnius
2066 2064 2256 2144 palam

89 2146 298 2227 legatis
323 2146 733 2227 imperaverat,
760 2149 1033 2246 quoniam
1059 2148 1367 2213 deditionis
1392 2168 1558 2211 mora
1581 2148 1848 2211 induciae
1853 2146 2258 2227 agitabantur.

89 2231 278 2311 igitur
294 2252 421 2305 rex,
445 2232 531 2296 uti
554 2230 953 2308 constituerat,
976 2234 1041 2295 in
1062 2246 1254 2297 castra
1280 2234 1463 2306 venit;
1486 2254 1556 2295 ac
1579 2253 1762 2331 pauca
1793 2232 2088 2329 praesenti
2110 2252 2258 2295 con-

88 2318 223 2381 silio
250 2318 479 2381 locutus
504 2320 579 2379 de
603 2318 817 2381 invidia
842 2320 977 2381 sacti
1002 2320 1091 2381 sui
1122 2329 1298 2399 atquc
1319 2320 1400 2381 uti
1423 2320 1484 2380 ιιι
1503 2318 1858 2381 deditionem
1880 2318 2257 2397 acciperetur,

88 2404 319 2483 reliqua
353 2419 485 2465 cum
525 2401 723 2465 Bestia
756 2414 815 2467 ot
850 2406 1073 2468 Scauro
1105 2412 1330 2466 secreta
1367 2402 1665 2502 transigit,
1701 2404 1850 2466 dein
1871 2411 2110 2485 postero
2143 2404 2257 2478 die,

92 2486 264 2569 quasi
295 2504 405 2585 per
447 2498 701 2551 saturam
746 2489 1048 2571 exquisitis
1080 2490 1418 2565 sententiis,
1467 2489 1531 2551 ιιι
1569 2489 1923 2554 deditionem
1957 2490 2258 2571 accipitur.

88 2573 210 2639 Sed
232 2572 315 2635 uti
339 2592 447 2653 pro
476 2573 719 2639 consilio
744 2575 1115 2674 imperatum
1114 2586 1254 2653 erat,
1279 2575 1573 2663 elephanti
1591 2574 1842 2655 triginta,
1869 2595 2051 2656 pecus
2075 2586 2250 2657 atque

87 2660 229 2741 equi
255 2657 418 2723 multi
457 2680 595 2723 cum
630 2680 812 2743 parvo
854 2661 1075 2743 argenti
1107 2646 1372 2745 pondere
1403 2663 1700 2744 quaestori
1735 2664 2061 2728 traduntur.
2122 2662 2254 2723 Cal·

88 2744 341 2829 purnius
362 2747 609 2810 Romam
632 2748 709 2811 ad
732 2748 1107 2833 magistratus
1124 2750 1422 2829 rogandos
1445 2750 1854 2829 proticiscitur.
1897 2748 1966 2809 ln
1985 2746 2254 2811 Numidia

91 2839 156 2895 et
182 2831 441 2895 exercitu
460 2842 669 2894 nostro
694 2851 808 2915 pax
831 2834 1175 2933 agitabatur.

20 2914 28 2929 '
224 2917 383 2997 Cap.
409 2915 587 2981 XXX.
630 2920 945 3001 Postquam
976 2940 1073 2984 res
1097 2921 1159 2983 in
1183 2921 1374 2987 Africa
1398 2893 1591 3016 gestas
1621 2938 1858 2999 quoque
1885 2917 2064 2979 modo
2091 2926 2252 2979 actae

92 3007 288 3067 forent
324 3004 473 3065 fama
512 3004 848 3086 divolgavit,
900 3008 1121 3071 Romae
1154 3026 1265 3086 per
1303 3005 1496 3067 omnis
1532 3006 1696 3069 locos
1729 3012 1792 3065 et
1827 3011 2150 3067 conventus
2180 3004 2254 3067 de

92 3092 252 3155 sacto
279 3088 547 3154 Consulis
582 3092 802 3170 agitari,
830 3094 987 3175 apud
1026 3092 1260 3174 plebem
1293 3091 1484 3171 gravis
1511 3090 1743 3165 invidia,
1785 3090 1990 3151 Patres
2025 3089 2250 3153 solliciti

92 3186 277 3252 erant,
304 3175 697 3258 probarentne
726 3187 951 3244 tantum
980 3179 1260 3259 flagitium
1286 3196 1362 3241 an
1386 3177 1686 3251 decretum
1713 3136 1984 3240 Consulis
2009 3178 2252 3242 subvor-

90 3270 303 3335 terent,
336 3280 547 3343 parum
572 3264 893 3327 constabat.
938 3268 1023 3327 Ac
1046 3273 1320 3329 maxume
1343 3283 1446 3325 eos
1474 3262 1733 3343 potentia
1755 3262 1983 3338 Suam-i,
2018 3259 2250 3343 quadis

92 3356 297 3409 auctor
321 3358 381 3411 et
402 3348 597 3411 socius
622 3348 855 3413 Bestiae
876 3350 1191 3426 ferebatur,
1237 3368 1270 3413 a
1293 3366 1434 3411 vero
1456 3348 1736 3428 bonoque
1757 3347 2134 3429 impediebat.
2175 3352 2252 3411 At

23 3481 36 3495 .
94 3434 159 3495 C.
186 3432 517 3507 Memmius,
544 3435 709 3499 cuius
736 3437 809 3499 de
834 3436 1098 3499 libertate
1120 3436 1337 3515 ingenii
1363 3444 1424 3497 et
1452 3434 1591 3497 odio
1612 3434 1909 3515 potentiae
1934 3432 2247 3497 nobilitatis

94 3538 274 3601 supra
311 3521 591 3596 diximus,
629 3524 782 3587 inter
820 3522 1239 3587 dubitationem
1277 3531 1336 3585 et
1370 3538 1566 3585 moras
1599 3521 1849 3663 Senati⁴⁵⁴
1870 3518 2248 3593 concionibus

203 3617 391 3665 Sallust.
421 3619 625 3675 ingerth.
