2400 3900
854 97 1171 160 CATILIN.
1218 117 1269 160 c.
1298 99 1397 160 51.
1421 98 1519 160 52.
2121 147 2125 154 .
2183 95 2268 160 27

242 214 537 298 Cap.LII.
574 179 913 296 ’Postquam
948 220 1162 281 Caesar
1205 218 1437 280 dicendi
1475 220 1652 296 finem
1687 221 1840 294 fecit,
1879 219 2056 281 ceteri
2089 219 2268 280 verbo

105 301 256 363 alius
284 300 375 363 alii
398 303 553 366 varie
580 305 1086 366 adsentiebantur:
1122 312 1181 364 at
1209 303 1286 363 M.
1311 303 1552 364 Porcius
1583 305 1742 379 Cato,
1767 315 2004 386 rogatus
2029 313 2269 366 senten·
2363 331 2365 340 ·

102 389 265 460 tiam,
303 387 709 452 huiuscemodi
746 392 1069 452 orationem
1102 389 1327 452 habuit.
1383 388 1624 466 „Longe
1657 391 1801 451 mihi
1825 391 1932 453 alia
1961 409 2130 453 mens
2159 399 2270 464 est,

100 475 307 534 Patres
353 476 687 556 conscripti,
726 495 905 556 quum
955 495 1052 536 res
1078 483 1251 554 atque
1299 474 1560 554 pericula
1601 483 1802 538 nostra
1852 478 2164 538 considero
2215 485 2272 536 et

101 577 285 638 quum
312 562 630 622 sententias
653 562 1071 623 nonnullorum
1096 579 1328 621 mecum
1369 559 1500 640 ipse
1524 571 1754 638 reputo.
1806 559 1892 622 mi
1916 563 2058 623 mihi
2084 563 2272 624 disse-

96 647 299 706 ruisse
345 648 622 710 videntur
674 647 747 706 de
795 665 989 726 poena
1024 664 1251 720 eorum,
1307 647 1405 726 qui
1448 645 1686 725 patriae,
1739 647 2098 725 parentibuS,
2155 648 2270 708 aris

100 741 283 810 atque
310 733 458 794 focis
485 735 609 794 suis
634 731 852 792 bellum
881 748 1181 810 paravere,
1217 749 1314 792 res
1350 739 1542 792 autem
1571 737 1789 804 monet,
1830 745 2032 794 cavere
2059 733 2132 793 ab
2157 731 2270 796 illis

100 817 334 898 [magis]
372 836 545 896 quam
575 815 711 896 quid
742 818 803 876 in
828 818 959 878 illos
989 824 1312 878 statuamus
1351 817 1707 876 consultare.
1763 815 1908 877 Nam
1934 823 2126 878 cetera
2146 837 2273 880 ma·

96 905 314 963 lefacta
337 909 461 962 tum
487 910 844 984 persequare
868 903 965 964 ubi
1008 905 1159 966 facta
1178 909 1336 976 sunt,
1363 903 1495 977 hoc,
1521 901 1638 963 nisi
1662 902 1990 982 provideris
2015 921 2092 962 ne
2117 905 2273 966 acci—

101 989 224 1060 dat,
252 987 351 1048 ubi
375 989 633 1050 evenerit
656 991 873 1050 frustra
896 989 1111 1052 iudicia
1136 989 1438 1068 implores,
1460 999 1626 1067 capta
1647 987 1792 1049 urbe
1811 987 1955 1048 nibil
1977 989 2040 1047 fit
2064 987 2274 1067 reliqui

95 1071 291 1134 victiS.
338 1075 474 1147 Sed,
511 1093 619 1156 per
640 1075 785 1136 deos
811 1075 1175 1148 immortaIiS,
1219 1093 1327 1134 vos
1363 1091 1472 1152 ego
1496 1075 1744 1152 appello,
1773 1073 1884 1152 'qui
1905 1090 2146 1152 semper
2168 1073 2275 1133 do-

98 1177 253 1234 moS,
278 1160 460 1234 villaS,
484 1161 669 1240 signa,
688 1161 917 1222 tabulas
935 1168 1158 1221 vestras
1180 1159 1362 1240 pluris
1387 1177 1562 1238 quam
1581 1159 2004 1238 rempublicam
2031 1157 2272 1233 fecistiS,
2327 1193 2342 1201 -

100 1247 154 1306 si
201 1245 333 1319 ista,
382 1245 802 1324 cuiuscumque
839 1245 1003 1308 modi
1050 1254 1188 1306 sunt
1235 1262 1383 1324 quae
1432 1244 1856 1324 amplexamini,
1902 1244 2173 1317 retinere,
2223 1245 2274 1305 si

96 1330 503 1428 voluptatibus
522 1332 734 1392 vestris
756 1331 935 1392 otium
955 1331 1242 1412 praebere
1260 1329 1449 1404 voltis,
1471 1329 1938 1411 expergiscimini
1960 1329 2274 1408 aliquando

103 1424 163 1475 et
189 1416 479 1495 capessite
502 1415 937 1496 rempublicam.
980 1417 1112 1480 Non
1138 1417 1330 1496 agitur
1353 1417 1425 1476 de
1453 1415 1841 1513 vectigalibus
1852 1434 2046 1495 neque
2075 1417 2147 1476 de
2175 1434 2276 1476 so-

102 1501 333 1561 ciorum
366 1501 610 1576 iniuriis,
646 1503 883 1563 libertas
917 1511 973 1564 et
1010 1503 1204 1563 anima
1239 1513 1442 1562 nostra
1474 1501 1537 1561 in·
1564 1501 1742 1561 dubio
1781 1485 1889 1562 est.
1947 1503 2136 1581 Saepe
2161 1519 2275 1565 ιιιι-

102 1604 292 1661 mero,
310 1579 535 1650 Patres
573 1587 907 1669 conscripti,
942 1589 1125 1652 multa
1156 1586 1338 1648 verba
1373 1587 1454 1648 in
1463 1587 1580 1646 hoc
1602 1587 1808 1646 ordine
1833 1587 1963 1660 feci,
1995 1605 2170 1666 saepe
2200 1587 2274 1648 de

100 1657 334 1734 luxuria
372 1681 547 1752 atque
579 1673 813 1734 avaritia
849 1680 1189 1736 nostrorum
1229 1673 1441 1732 civium
1477 1680 1720 1751 questus
1761 1689 1910 1744 sum,
1941 1673 2272 1752 multosque

101 1757 369 1824 mortalis
420 1777 487 1818 ea
536 1775 747 1820 caussa
782 1757 1067 1819 advorsos
1100 1757 1331 1832 habeo,
1376 1757 1474 1836 qui
1505 1757 1647 1816 mihi
1692 1768 1868 1834 atque
1904 1757 2098 1816 animo
2137 1776 2272 1818 meo
2360 1819 2365 1832 ,

100 1845 323 1906 nullius
347 1855 623 1922 umquam
650 1843 847 1904 delicti
872 1844 1113 1922 gratiam
1136 1843 1430 1917 fecissem,
1467 1841 1826 1903 baudiacile
1859 1841 2093 1903 alterius
2121 1841 2275 1902 lubi-

104 1930 230 1991 dini
256 1929 561 1990 malefacta
588 1929 1012 1992 condonabam.
1070 1930 1187 1992 Sed
1224 1947 1292 1990 ea
1327 1929 1557 1991 tametsi
1595 1947 1702 2003 vos
1727 1927 1887 2009 parvi
1908 1927 2274 2009 pendebatiS,

102 2026 303 2075 tamen
352 2016 685 2095 respublica
730 2018 897 2077 firma
944 2024 1101 2091 erat,
1148 2016 1448 2095 opulentia
1497 2016 1925 2093 neglegentiam
1969 2016 2273 2076 tolerabat.

102 2102 278 2161 Nunc
302 2119 441 2162 vero
467 2121 589 2163 non
614 2102 672 2163 id
700 2104 889 2180 agitur
909 2102 1159 2163 bonisne
1184 2120 1261 2162 an
1290 2102 1454 2162 malis
1487 2102 1750 2161 moribus
1777 2102 2055 2174 vivamus,
2083 2120 2274 2180 neque

104 2196 389 2267 quantum
430 2198 529 2249 aut
568 2206 741 2267 quam
778 2188 1496 2267 magnificum‘imperium
1533 2188 1735 2265 populi
1757 2188 2007 2247 Romani
2043 2187 2118 2246 sit
2167 2188 2274 2246 sed

103 2274 269 2334 cuius
293 2275 441 2335 haec
460 2292 711 2352 cumque
735 2272 896 2333 modi
920 2274 1194 2335 videntur
1217 2281 1422 2333 nostra
1441 2290 1515 2333 an
1541 2272 1858 2331 nobiscum
1873 2290 1991 2331 una
2014 2270 2274 2331 hostium

100 2361 298 2419 sutura
334 2359 467 2418 sint.
523 2358 630 2419 Hic
654 2357 797 2417 mihi
834 2360 1145 2437 quisquam
1172 2356 1682 2418 mansuetudinem
1723 2366 1782 2415 et
1815 2354 2271 2417 misericordiam

100 2443 391 2507 nominat.
468 2442 821 2521 Iampridem
874 2444 1149 2522 equidem
1191 2460 1308 2503 nos
1341 2461 1481 2503 vera
1517 2457 1714 2501 rerum
1745 2442 2030 2503 vocabula
2074 2442 2273 2501 amisi-

99 2548 255 2599 muS‚
294 2529 426 2607 quia
461 2529 619 2590 bona
649 2527 837 2589 aliena
874 2527 1071 2607 largiri
1101 2525 1434 2601 liberalitas,
1473 2528 1754 2593 malarum
1797 2545 1998 2589 rerum
2021 2524 2274 2589 audacia

100 2614 383 2675 fortitudo
408 2624 663 2686 vocatur,
676 2633 759 2675 eo
778 2614 1151 2694 respublica
1134 2634 1197 2677 ιιι
1221 2617 1482 2675 extremo
1507 2614 1615 2674 sita
1636 2618 1762 2675 est.
1789 2614 1918 2675 Sint
1943 2632 2104 2689 sane,
2123 2632 2273 2692 quo·
2363 2660 2365 2663 <

100 2699 260 2760 niam
282 2700 361 2760 ita
387 2720 451 2761 se
478 2718 675 2779 mores
700 2700 935 2773 habent,
962 2700 1233 2761 liberales
1261 2718 1329 2761 ex
1349 2700 1639 2761 sociorum
1659 2700 1928 2772 fortuniS,
1951 2700 2070 2760 sint
2093 2700 2272 2759 mise-

98 2784 367 2846 ricordes
400 2787 460 2846 in
494 2786 721 2857 furibus
746 2786 971 2861 aerarii,
994 2804 1073 2849 ne
1096 2788 1177 2848 illi
1205 2787 1552 2865 sanguinem
1575 2792 1844 2845 nostrum
1871 2785 2191 2863 largiantur
2215 2793 2298 2849 et,

100 2872 244 2931 dum
271 2870 482 2947 ‚paucis
520 2873 819 2933 sceleratis
858 2880 1107 2953 parcunt
1141 2872 1334 2935 bonos
1373 2870 1566 2932 omnis
1593 2872 1888 2949 perditum
1915 2879 2066 2930 eant.
2112 2870 2272 2947 Bene

100 2964 162 3017 et
198 2956 523 3034 composite
550 2958 611 3019 C.
636 2958 849 3020 Caesar
883 2960 1079 3039 paullo
1112 2968 1249 3021 ante
1280 2958 1342 3018 in
1363 2958 1492 3032 hoc
1518 2953 1730 3017 ordine
1767 2956 1840 3015 de
1866 2954 1980 3015 vita
2005 2964 2064 3015 et
2085 2964 2270 3017 morte

103 3040 401 3114 disseruit,
446 3043 625 3102 credo
656 3044 799 3105 falsa
834 3046 1189 3107 existumans
1231 3061 1298 3103 ea
1333 3060 1484 3123 quae
1520 3042 1594 3103 de
1623 3040 1826 3101 inferis
1854 3048 2270 3113 memorantur,

101 3127 343 3189 divorso
370 3127 579 3189 itinere
600 3129 785 3189 malos
803 3148 837 3191 a
861 3130 1033 3192 bonis
1055 3132 1183 3191 loca
1205 3134 1376 3205 tetra,
1410 3128 1644 3201 inculta,
1671 3126 1844 3187 foeda
1870 3136 2043 3205 atque
2069 3128 2272 3189 formi-

102 3214 309 3275 dolosa
336 3212 581 3275 habere.
626 3214 825 3293 Itaque
854 3216 1079 3277 censuit
1112 3214 1396 3295 pecunias
1433 3230 1639 3276 eorum
1670 3210 2070 3293 publicandas,
2104 3214 2270 3293 ipsos

102 3318 215 3380 per
238 3298 553 3379 municipia
578 3299 637 3360 in
664 3302 941 3361 custodiis
966 3302 1305 3376 habendos3
1331 3300 1598 3361 videlicet
1618 3299 1852 3372 timeae,
1873 3318 1950 3359 ne
1975 3300 2024 3361 si
2050 3300 2273 3361 Romae

104 3388 225 3447 sint
249 3396 349 3446 aut
373 3404 404 3445 a
430 3386 809 3474 popularibus
834 3388 1248 3449 coniurationis
1277 3394 1377 3448 aut
1399 3405 1432 3445 a
1453 3384 1826 3447 multitudine
1850 3386 2146 3447 conducta
2169 3402 2275 3463 per

102 3471 219 3533 vim
246 3471 587 3551 eripiantur.
635 3472 816 3546 Quasi
840 3490 979 3533 vero
1002 3474 1137 3535 mali
1160 3483 1332 3553 atque
1356 3472 1592 3533 scelesti
1608 3470 2053 3533 tantummodo
2038 3490 2102 3531 ιιι
2121 3471 2275 3531 urbe

108 3565 168 3617 et
200 3576 321 3619 non
356 3574 468 3639 per
500 3566 681 3620 totam
717 3558 935 3620 Italiam
976 3559 1111 3633 sint,
1142 3566 1244 3621 aut
1277 3578 1398 3621 non
1429 3558 1512 3619 ibi
1531 3557 1670 3639 plus
1691 3555 1885 3637 possit
1907 3558 2148 3619 audacia
2171 3555 2274 3617 ubi
