2400 3900
180 12 267 81 'ffi
880 16 943 76 C.
970 15 1364 76 SALLUSTll
1408 15 1647 76 CRISPI

180 142 419 216 paratus
454 133 527 194 ad
564 131 987 192 dissimulanda
1014 133 1226 198 οιιιιιι3.
1272 134 1529 196 demisso
1570 134 1748 206 voltu,
1783 151 1927 194 voce
1951 135 2198 216 supplici
2231 156 2272 218 p

186 221 404 282 stulare
424 217 633 296 coepit,
658 235 733 277 ne
756 215 893 297 quid
915 219 988 280 de
1008 237 1073 280 se
1099 229 1318 280 temere
1342 221 1670 292 crederent,
1693 237 1761 279 ea
1789 219 2000 282 familia
2025 232 2234 296 ortum,
2263 225 2288 284 i

182 323 251 368 se
277 294 350 365 ab
376 303 771 364 adulescentia
796 303 968 364 vitam
994 304 1335 378 instituisse,
1364 313 1426 366 ut
1448 306 1644 366 omnia
1668 305 1864 367 bona
1849 325 1908 365 ιιι
1936 307 2042 386 s‘pe
2067 307 2311 382 habere

182 409 259 453 ne
295 398 709 460 aestumarent,
748 389 860 450 sibi
891 390 1134 469 patricio
1163 389 1402 465 homini,
1436 391 1602 452 euius
1636 389 1822 470 ipsius
1857 401 2032 474 atque
2057 394 2240 455 maior

184 475 433 556 plurima
461 475 741 536 beneficia
778 476 838 536 in
862 477 1141 557 populum
1167 477 1496 539 Romanum
1524 486 1742 550 essent,
1777 479 2006 558 perdita
2038 481 2270 558 republi
2319 545 2322 547 Α

184 580 337 642 opus
366 578 517 633 esse,
548 579 726 638 quum
743 575 871 622 eam
898 570 1159 622 servaret
1184 563 1262 624 M.
1287 561 1509 624 Tullius
1535 563 1850 645 inquilinus
1877 563 2013 626 civis
2037 565 2196 626 urbis
2220 567 2334 628 Ro·

181 665 334 708 mae.
392 647 479 707 Ad
502 647 617 708 hoo
639 646 945 708 maledicta
963 647 1070 708 alia
1099 667 1276 726 quum
1301 645 1561 722 adderet,
1599 648 1943 728 obstrepere
1970 668 2189 725 omneS,
2228 653 2339 714 ho-l

183 742 333 795 stem
356 740 531 812 atque
558 733 904 813 parricidam
929 751 1159 794 vocare.
1205 735 1353 796 Tum
1379 733 1473 796 ine
1498 733 1881 801 furibundus:
1905 737 2193 810 Quoniam
2213 739 2341 818 qui·

186 819 321 880 dem
356 819 805 890 circumventuS,
845 817 1059 898 inquit‚.
1089 817 1213 879 ab
1194 819 1445 882 inimicis
1480 837 1767 905 praeceps
1803 825 1966 902 a'gor,
2001 822 2341 886 incendium

186 921 381 966 meum
407 904 574 966 ruina
596 903 974 981 restinguam.
2342 907 2343 940 1

316 1029 731 1115 cap.xxx11.
776 1032 1002 1094 Deinde
1042 1049 1113 1093 se
1146 1049 1218 1092 ex
1249 1031 1412 1094 euria
1433 999 1680 1095 dmum
1713 1032 2022 1113 pmlipuit,
2043 1033 2124 1094 iti
2156 1001 2338 1099 multi

182 1115 1736 1306 {slteffiipse‘vpllrgaqnuffinequigiiffisisshe{umuli
1761 1120 2187 1268 ptrooerielffixigu
2181 1131 2246 1183 et
2273 1124 2338 1184 ab

249 1226 283 1271 ο
400 1225 605 1268 tome
1042 1223 1169 1264 mv
1309 1222 1340 1263 5
1429 1221 2012 1284 umam‚opunum
2215 1226 2340 1269 cre-

186 1293 335 1356 dens
350 1291 670 1354 exereitum
688 1309 933 1368 augere,
974 1309 1044 1350 ee
1066 1289 1413 1368 priusquam
1433 1289 1695 1368 legiones
1731 1291 2130 1352 scriberentur
2159 1295 2341 1355 multa

182 1384 533 1456 amecapere
558 1395 713 1456 quae
736 1376 887 1438 bello
912 1375 1043 1438 usui
1077 1374 1288 1449 torem,
1327 1385 1500 1436 nocte
1522 1376 1867 1455 intempesta
1893 1395 2040 1438 eum
2054 1378 2258 1456 paucis
2289 1381 2351 1442 ιιι

179 1457 475 1528 Metilium
490 1471 681 1524 castra
701 1463 1003 1542 profectus
1030 1467 1139 1522 eat.
1181 1461 1304 1522 Sed
1337 1460 1592 1540 Cethego
1629 1469 1803 1542 atque
1823 1462 2067 1523 Lentulo
2099 1464 2342 1526 ceta-is-

188 1567 321 1626 que,
339 1565 603 1628 quornm
614 1554 969 1626 eognoveret
985 1557 1316 1627 promptam
1337 1547 1657 1620 audatiam,
1679 1548 1919 1608 mandat
1933 1549 2144 1628 quibus
2161 1549 2342 1612 rebus

144 1627 435 1713 possent
466 1653 612 1713 opes
636 1634 921 1696 factionis
960 1635 1326 1706 confirment,
1349 1632 1592 1693 insidias
1619 1635 1846 1696 consuli
1869 1641 2179 1706 maturent,
2209 1653 2344 1696 eae-

186 1720 342 1794 dem,
368 1720 657 1782 incendia
648 1720 891 1799 aliaque
924 1719 1063 1780 belli
1087 1720 1347 1783 facinora
1388 1728 1612 1798 parent,
1656 1738 1788 1780 sese
1827 1719 2171 1810 propediem
2211 1739 2349 1783 cum

176 1824 399 1884 magno
420 1807 773 1868 exereimad
794 1804 998 1867 urbem
1022 1809 1418 1867 aeceaeurum.
1463 1805 1619 1866 Dum
1632 1806 1776 1866 haee
1795 1805 2023 1868 Romae
2040 1817 2350 1883 geruntur,

185 1892 249 1955 C.
276 1893 523 1955 Manlius
552 1911 621 1955 ex
660 1911 769 1954 suo
796 1909 1049 1953 numero
1072 1891 1300 1971 legatos
1329 1891 1406 1952 ad
1445 1890 1722 1953 Marcium
1745 1892 1966 1969 Regem
2000 1891 2172 1953 mittit
2213 1911 2359 1955 cumr

182 1980 477 2043 mandatis
498 1966 933 2041 buiuseemo'di.

314 2107 401 2169 Ca
415 2126 474 2187 p
492 2104 749 2167 xxxin.
778 2106 935 2166 Deos
958 2102 1348 2183 hominesque
1369 2102 1670 2173 testamur,
1692 2100 2027 2180 imperator,
2049 2122 2159 2164 nos
2181 2123 2354 2167 arma

186 2211 379 2273 neque
404 2202 605 2253 contra
630 2191 874 2271 patriam
898 2190 1127 2287 cepisse
1150 2190 1341 2265 nequ‘e
1365 2205 1479 2265 quo
1507 2186 1824 2265 periculum
1853 2188 1976 2248 aliis
2001 2190 2354 2265 taceremne,

184 2280 292 2345 sed
330 2279 413 2340 uti
449 2296 696 2358 corpora
735 2288 935 2339 nostra
968 2276 1041 2336 ab
1079 2272 1286 2334 iniuria
1332 2277 1451 2332 tu'ta
1493 2273 1712 2345 forent,
1757 2273 1854 2350 qui
1901 2273 2120 2346 miseri,
2166 2294 2358 2353 egen-

183 2372 296 2438 teS,
334 2364 602 2425 violentia
636 2373 808 2442 atque
829 2360 1171 2425 crudelitate
1213 2359 1646 2445 foeneratorum
1674 2358 1936 2441 plerique
1965 2359 2205 2439 patriae,
2246 2362 2358 2423 sed

187 2467 395 2511 omnes
434 2451 582 2509 sama
619 2460 791 2527 atque
828 2448 1077 2509 fortunis
1122 2454 1398 2525 expertes
1447 2462 1649 2505 sumus
1691 2462 1885 2524 neque
1917 2444 2191 2542 cuiquam
2242 2466 2359 2508 no-

187 2544 371 2597 strum
398 2532 561 2595 licuit
581 2552 746 2594 more
773 2534 1055 2593 maiorum
1078 2533 1209 2609 lege
1233 2529 1332 2604 uti,
1367 2546 1558 2609 neque
1581 2532 1796 2591 amisso
1821 2529 2174 2611 patrimonio
2203 2530 2360 2593 libe-

186 2639 317 2683 rum
346 2635 560 2699 corpus
582 2619 818 2689 habere,
841 2625 996 2678 tanta
1028 2616 1264 2678 saevitia
1294 2576 1684 2677 feneratorum
1711 2626 1884 2695 atque
1901 2613 2196 2675 Praetoris
2221 2617 2359 2681 fuit.

120 2708 133 2717 ’
187 2708 379 2786 Saepe
408 2705 661 2768 maiores
686 2704 862 2765 vestri
884 2700 1123 2764 miseriti
1147 2700 1332 2781 plebis
1357 2700 1654 2763 Romanae
1680 2700 1930 2763 decretis
1957 2699 2078 2759 suis
2111 2696 2360 2779 inopiae

188 2794 316 2855 eius
358 2790 622 2873 opitulati
655 2796 809 2865 sunt,
848 2808 917 2851 ae
946 2784 1284 2849 novissume
1312 2788 1590 2849 memoria
1618 2794 1817 2848 nostra
1853 2790 2096 2865 propter
2116 2790 2360 2865 magni

186 2874 450 2940 t‘udinem
488 2878 638 2938 aeris
666 2876 854 2949 alieni,
879 2873 1209 2937 volentibus
1234 2872 1510 2938 omnibus
1535 2867 1727 2951 bonis,
1753 2879 2054 2951 argentum
2080 2889 2223 2931 aere
2254 2893 2360 2934 so-

186 2964 373 3026 lutum
412 2974 518 3026 est.
564 2966 756 3041 Saepe
790 2963 917 3041 ipsa
945 2961 1179 3042 plebat,
1206 2966 1304 3021 aut
1338 2956 1699 3020 dominandi
1715 2957 1906 3019 studio
1944 2967 2217 3042 permota
2259 2968 2360 3023 aul

189 3051 463 3130 superbia
486 3051 938 3129 magistratuum,
966 3036 1181 3108 armata
1205 3064 1238 3106 a
1267 3046 1526 3126 patnihus
1547 3039 1816 3106 secessit.¹
1858 3044 1929 3104 At
1951 3062 2060 3107 nos
2087 3060 2216 3103 non
2243 3044 2360 3105 im-

190 3136 419 3219 perium
448 3155 637 3217 neque
672 3135 897 3197 dIvitias
922 3133 1192 3212 petimus,
1230 3149 1474 3230 quarum
1515 3147 1710 3191 rerum
1748 3148 1959 3214 caussa
1988 3126 2150 3189 bella,
2168 3138 2360 3208 atque

68 3238 79 3251 “
194 3222 507 3285 certamina
536 3224 729 3286 omnia
769 3222 923 3284 inter
963 3215 1223 3279 mortalis
1251 3218 1408 3290 s'unt,
1443 3218 1548 3277 sed
1585 3203 1932 3287 libertatem,
1969 3232 2143 3293 quam
2173 3232 2360 3277 nemo

188 3308 385 3370 bonus
421 3305 535 3369 nisi
576 3328 699 3369 vum
738 3308 927 3369 anima
964 3302 1138 3365 simul
1172 3301 1384 3363 amisit.
1428 3298 1531 3362 'Pe
1569 3308 1742 3393 atque
1769 3300 2044 3363 Senatum
2085 3296 2360 3360 obtesta-

194 3412 346 3468 mur,
388 3392 701 3455 consulatis
736 3390 965 3454 miseris
1008 3388 1252 3465 civibus»,
1288 3388 1431 3469 legis
1467 3382 1840 3467 praesidium,
1877 3384 2034 3467 quod
2069 3384 2360 3463 iniquitas

193 3479 490 3543 Praetoris
518 3478 745 3559 eripuit,
782 3476 1120 3550 restituatis,
1171 3494 1316 3537 neve
1349 3473 1522 3581 nobis
1553 3490 1680 3533 eam
1711 3470 2260 3532 necessrtudinem
2241 3490 2360 3533 im-
