2400 3900
122 57 209 120 76
802 56 870 117 C.
916 5 1302 116 sALLUS'ru
1347 53 1590 116 CRISPI

126 178 507 258 captivosque
530 182 591 236 et
609 174 1027 254 impedimenta
1042 173 1355 234 locaverat.
1398 171 1482 230 lta
1505 172 1787 250 Iugurtha
1809 180 1973 234 ratus
1995 182 2094 232 aut
2121 182 2292 252 capta
2370 181 2371 238 l

123 264 275 326 urbe
302 279 515 342 operae
550 261 801 340 pretium
840 262 995 333 fore,
1038 266 1138 320 aut
1176 257 1230 318 si
1262 258 1562 327 Romanos
1596 258 1808 318 auxilio
1844 255 1968 320 suis
1996 258 2290 332 *venissen

123 350 346 430 praelio
383 365 519 408 seso
556 352 899 408 certaturos.
945 345 1095 408 Nam
1130 343 1376 406 callidus
1407 343 1468 404 id
1503 345 1682 430 modo
1705 343 2036 415 festinabat,
2065 343 2294 406 Bocchi
2370 369 2371 378 ¹

126 453 329 515 pacem
358 433 719 504 imminuere,
742 451 819 492 ne
845 450 1043 494 moras
1066 430 1340 508 agitando
1365 429 1522 492 aliud
1543 448 1716 508 quam
1737 429 1954 491 bellum
1975 429 2194 490 mallet.

252 521 414 596 Cap.
440 517 717 582 LXXXII.
751 518 1079 597 Imperator
1097 525 1412 596 postquam
1434 515 1510 576 de
1529 533 1736 594 regum
1763 516 2040 578 societate
2064 534 2293 594 cogno-

125 605 219 677 vit,
254 621 373 676 non
416 612 637 665 temere
678 622 871 683 neque
910 603 997 666 uti
1030 620 1212 681 saepe
1245 602 1359 665 iam
1387 602 1540 662 victo
1569 603 1849 680 Iugurtha
1879 613 2292 676 consueverat,

122 688 398 752 omnib-us
438 689 587 752 locis
634 690 935 769 pugnandi
972 688 1201 767 copiam
1245 687 1407 762 facit3
1455 695 1713 749 ceterum
1756 687 1912 750 haud
1963 688 2171 766 procul
2216 691 2292 749 ab
2370 681 2371 684 '

122 775 295 847 Cirta,
324 777 529 838 casn'is
564 776 825 848 munitiS,
860 791 1035 862 reges
1072 772 1394 852 opperitur,
1414 773 1642 834 melius
1670 791 1805 834 esse
1827 783 2008 846 ratus,
2039 773 2291 852 cognitis

120 861 359 934 Mauris,
390 861 665 940 quoniam
690 861 741 920 is
774 878 963 921 novus
994 859 1185 920 hostis
1211 868 1564 933 accesserat,
1591 876 1662 920 ex
1689 860 2004 927 commodo
2029 877 2290 939 pugnam

118 948 332 1008 facere.
375 946 615 1008 Interim
640 946 828 1006 Roma
860 963 969 1024 per
1000 945 1201 1004 literas
1229 943 1442 1005 certior
1461 945 1542 1017 fit,
1570 945 1928 1022 provinciam
1951 945 2289 1007 Numidiam

119 1032 301 1093 Mario
340 1033 551 1104 datam,
590 1049 732 1118 nam
768 1031 1081 1110 Consulem
1117 1031 1334 1092 factum
1377 1039 1512 1090 ante
1543 1041 1868 1110 acceperat.
1923 1031 2070 1104 Quis
2109 1032 2293 1092 rebus

29 1195 31 1202 Ι
62 1169 69 1202 ·.
122 1137 299 1198 supra
336 1118 559 1180 bonum
596 1125 769 1194 atque
803 1117 1121 1178 honestum
1150 1116 1482 1195 perculsuS,
1519 1134 1712 1194 neque
1747 1117 2042 1178 lacrumas
2085 1125 2291 1178 tenere

118 1221 312 1283 neque
331 1203 626 1263 moderari
645 1203 899 1281 linguam
916 1223 933 1277 ;
962 1203 1049 1278 vir
1066 1201 1338 1280 egregius
1365 1201 1426 1263 in
1453 1201 1580 1262 aliis
1599 1201 1820 1264 artibus
1841 1201 2014 1262 nimis
2029 1202 2292 1264 molliter

118 1288 539 1366 aegritudinem
575 1288 712 1366 pati.
758 1290 947 1364 Quam
968 1307 1097 1350 rem
1124 1288 1219 1349 alii
1245 1287 1306 1348 in
1341 1287 1680 1366 superbiam
1713 1286 2038 1360 vertebant,
2061 1287 2156 1347 alii
2179 1289 2294 1349 bo-
2370 1335 2371 1338 η

33 1369 39 1376 “
116 1393 255 1436 num
292 1373 593 1455 ingenipm
634 1375 987 1436 contumelia
1020 1391 1338 1436 accensum
1371 1391 1533 1448 esse,
1571 1373 1751 1447 multi,
1783 1374 1944 1454 quod
1979 1373 2092 1434 iam
2121 1382 2294 1454 parta
2370 1403 2371 1426 2

117 1459 361 1522 victoria
390 1477 459 1518 ex
492 1460 765 1521 manibus
784 1459 1139 1538 eriperetur3
1164 1457 1338 1524 uobis
1363 1459 1506 1522 satis
1527 1459 1822 1537 cognitum
1844 1467 1952 1534 est,
1976 1458 2140 1520 illum
2163 1479 2294 1521 ma-

118 1546 203 1622 gis
244 1547 471 1604 honore
499 1545 664 1606 Marii
700 1564 873 1624 quam
910 1545 1119 1606 iniuria
1153 1563 1261 1606 sua
1298 1544 1690 1607 excruciatum
1725 1564 1920 1622 neque
1961 1555 2082 1606 tam
2117 1546 2294 1606 anxie

114 1629 367 1690 laturum
392 1631 591 1702 fuisse,
620 1632 667 1692 si
694 1633 969 1709 adempta
995 1630 1296 1711 provincia
1318 1629 1417 1690 alii
1435 1649 1608 1720 qupm
1633 1630 1814 1702 Mario
1834 1631 2190 1692 traderetur.

244 1717 407 1795 Cap.
451 1717 758 1779 LXXXIII.
812 1717 994 1795 Igitur
1022 1708 1346 1794 eadmero
1387 1703 1703 1796 impeditus
1744 1727 1816 1777 et
1841 1717 1975 1796 quia
2009 1717 2294 1780 stultitiae
2370 1763 2371 1790 ἒ

113 1801 420 1864 videbatur
464 1803 711 1864 alienam
747 1821 873 1863 rem
910 1803 1167 1882 periculo
1203 1820 1310 1864 suo
1349 1820 1582 1876 curare,
1616 1803 1838 1880 legatos
1875 1803 1949 1862 ad
1986 1802 2294 1864 Bocchum
2369 1805 2371 1886 ff

114 1888 289 1949 mittit
332 1889 709 1967 postulatum,
752 1907 829 1949 no
868 1887 997 1951 sine
1047 1905 1256 1950 caussa
1297 1887 1488 1959 hostis
1537 1890 1758 1969 populo
1797 1889 2064 1949 Romano
2101 1889 2292 1963 fieret,
2359 1883 2366 1890 ’

113 1972 331 2035 habere
357 1982 483 2036 tum
508 1990 779 2053 magnam
807 1974 1035 2054 copiam
1060 1973 1357 2035 societatis
1386 1973 1787 2055 amicitiaeque
1819 1974 2296 2053 coniungendae,
2370 2044 2371 2053 χ

115 2076 265 2136 quae
299 2060 495 2137 potior
529 2059 681 2121 bello
714 2068 905 2135 esset3
931 2076 1282 2139 quamquam
1315 2060 1530 2139 opibus
1566 2061 1689 2139 suis
1711 2062 2061 2133 confideret,
2089 2068 2299 2123 tamen

112 2161 237 2205 non
274 2145 494 2208 debere
530 2146 753 2214 incerta
788 2165 897 2225 pro
940 2143 1116 2207 certis
1154 2156 1409 2221 mutare;
1454 2164 1628 2207 omne
1664 2146 1882 2208 bellum
1913 2147 2065 2207 sumi
2104 2147 2295 2222 facile,

116 2238 379 2291 ceterum
428 2249 775 2311 aegerrume
808 2231 1117 2307 desinere3
1156 2249 1280 2291 non
1319 2232 1381 2292 in
1423 2231 1688 2292 eiusdem
1721 2240 2014 2313 potestate
2057 2231 2298 2293 initium
2370 2300 2371 2303 Ἴ

116 2317 241 2377 eius
282 2326 343 2379 et
374 2319 551 2379 finem
592 2336 757 2393 esse3
804 2318 1065 2397 incipere
1100 2317 1312 2389 cuiviS‚
1351 2317 1524 2379 etiam
1555 2317 1766 2397 ignavo
1802 2318 2006 2391 licere,
2049 2319 2296 2397 deponi,
2370 2342 2371 2349 ¹

114 2420 293 2480 quum
322 2404 573 2485 victores
607 2404 807 2475 velina
846 2402 1097 2483 proinde
1132 2402 1246 2463 sibi
1278 2421 1584 2483 regnoque
1617 2424 1726 2465 suo
1769 2404 2132 2481 consuleret,
2175 2424 2296 2465 neu
2370 2404 2371 2429 ³

111 2488 377 2549 florentis
412 2508 509 2549 res
536 2508 674 2551 suas
702 2508 831 2551 cum
856 2490 1171 2568 Iugurthae
1195 2489 1440 2569 perditis
1466 2489 1757 2551 misceret.
1803 2490 1890 2551 Ad
1917 2503 1983 2549 ea
2012 2507 2122 2549 rex
2149 2492 2296 2552 satis
2370 2492 2371 2555 T

111 2573 341 2653 placide
380 2574 555 2635 verba
583 2576 743 2637 facit:
778 2594 911 2637 sese
936 2593 1145 2655 pacem
1178 2590 1416 2653 cupere,
1445 2576 1554 2636 sed
1580 2576 1893 2655 Iugurthae
1919 2576 2297 2637 fortunarum

40 2692 69 2708 -ι
110 2660 409 2736 misereri3
441 2660 493 2721 si
516 2662 726 2724 eadem
753 2660 834 2723 illi
860 2662 1026 2741 copia
1046 2658 1236 2732 fieret,
1269 2662 1466 2723 omnia
1495 2669 1873 2725 conventura.
1919 2662 2150 2721 Rursus
2178 2662 2296 2722 im·
2370 2664 2371 2667 ’

109 2753 347 2824 perator
380 2753 582 2808 contra
608 2749 901 2827 postulata
924 2746 1142 2808 Bocchi
1165 2747 1416 2807 nuncios
1438 2747 1629 2819 mittit,
1661 2746 1755 2811 ille
1775 2746 2028 2827 probare
2053 2748 2298 2827 partim,

110 2832 220 2893 alia
258 2832 537 2895 abnuere.
586 2833 670 2895 Eo
696 2834 875 2895 modo
900 2852 1079 2913 saepe
1102 2832 1175 2893 ab
1214 2842 1464 2911 utroque
1489 2832 1688 2895 missis
1715 2833 2098 2911 remissisque
2134 2852 2298 2893 nun-
2341 2860 2371 2887 :-

110 2916 245 3062 ciish
261 2927 493 2998 tempus
533 2921 857 3000 procedere
902 2928 961 2981 et
1005 2938 1076 2980 ex
1136 2916 1352 2979 Metelli
1398 2919 1691 2981 voluntate
1743 2920 1961 2981 bellum
2003 2918 2299 2982 intactum

112 3011 202 3065 tra
246 3002 285 3063 i.
570 3027 575 3037 ¹
2370 3058 2371 3069 ,

236 3088 321 3151 Ca
334 3109 393 3169 p.
410 3090 711 3153 LXXXIV.
725 3090 799 3152 At
810 3089 1046 3165 MariuS,
1061 3097 1129 3151 ut
1144 3088 1612 3169 supradiximus
1632 3088 2089 3168 cupientissuma
2111 3088 2300 3167 plebe
2370 3166 2371 3169 Ἴ

108 3173 329 3235 Consul
362 3176 577 3247 factm,
608 3182 918 3256 postquam
938 3174 1012 3243 ,ei
1036 3174 1404 3257 provinciam
1436 3174 1767 3238 Numidiam
1807 3176 2063 3256 populus
2091 3176 2298 3249 iussit,
2370 3182 2371 3197 ¹

104 3270 277 3321 antea
302 3260 417 3321 iam
453 3260 701 3323 infestus
734 3260 1042 3336 nohilitati,
1074 3270 1195 3324 tum
1226 3279 1373 3341 vero
1399 3261 1617 3323 multus
1649 3268 1822 3341 atque
1846 3264 2012 3322 ferox
2027 3262 2294 3335 instare3

108 3343 372 3423 singulos
396 3347 597 3419 mode,
620 3347 800 3408 modo
826 3346 1137 3409 universos
1164 3346 1419 3422 laedere,
1447 3346 1728 3420 dictitare,
1755 3366 1886 3409 sese
1914 3348 2296 3411 consulatum
2370 3356 2371 3389 ἐ

110 3447 181 3489 ex
202 3431 368 3492 victis
392 3430 507 3492 illis
531 3431 723 3511 spolia
748 3433 1001 3509 cepisse,
1032 3432 1141 3495 alia
1170 3439 1474 3514 praeterea
1507 3433 1816 3511 magnifica
1843 3453 1952 3513 pro
1982 3452 2046 3493 se
2086 3444 2146 3494 et
2173 3432 2294 3493 illis
2355 3436 2372 3481 ’ἢ

111 3513 385 3577 dolentia.
432 3516 693 3593 Interim,
723 3534 871 3597 quae
899 3516 1052 3579 bello
1086 3537 1238 3605 opus
1266 3529 1449 3597 erant,
1475 3521 1664 3601 prima
1690 3519 1944 3597 habere3
1979 3518 2292 3600 postulare
