2400 3900
566 60 779 174 BnLL.
825 109 1178 184 IUGURTH.
1224 129 1277 175 c.
1312 107 1523 169 103-
1549 109 1687 174 1⁰7.
1838 144 1855 162 ι
2117 113 2197 174 91

29 248 222 310 saepe
249 231 531 292 vicerant.
575 221 814 292 Interim
833 229 1059 311 equites
1079 227 1443 310 exploratum
1461 231 1769 310 praemissi
1784 249 1932 306 rem,
1957 231 2038 295 uti
2063 209 2205 308 erat,

29 318 298 396 quietam
326 316 625 419 nunciant.

171 443 505 524 Cap.CV1.
550 443 734 506 Volux
767 443 1090 520 adveniens
1122 441 1509 513 Quaestorem
1542 440 1799 536 appellat
1826 443 2101 524 dicitque,
2134 461 2207 508 se

29 549 60 592 a
84 537 271 610 patre
293 530 532 594 Boccho
552 529 781 590 obviam
799 527 912 590 illis
933 515 1108 590 simul
1127 534 1186 588 et
1201 525 1495 622 praesidio
1514 525 1780 588 missum.
1824 529 2059 592 Deinde
2051 547 2208 594 eum

29 625 128 676 et·
146 635 510 694 proxumum
559 615 714 678 diem
752 613 881 686 sine
912 619 1074 674 metu
1107 611 1405 673 coniuncti
1443 618 1599 673 eunt.
1662 611 1831 686 Post,
1875 615 1977 674 ubi
2020 625 2209 680 castra

29 697 234 762 locata
257 712 320 764 et
353 701 468 765 diei
505 717 720 778 vesper
751 704 892 772 erat,
920 703 1164 778 repente
1191 699 1423 760 Maurus
1454 697 1677 758 incerto
1700 697 1859 758 voltu
1882 717 2103 778 pavens
2130 703 2209 764 ad

29 787 268 850 Sullam
298 785 559 848 adcurrit
587 783 869 863 dicitque:
911 783 1024 845 sibi
1049 802 1120 856 ex
1149 782 1617 862 speculatoribus
1651 783 1969 861 cognitum,
1998 785 2209 863 lugur-

29 871 208 933 tham
231 873 392 935 haud
419 869 628 950 procul
647 869 890 944 abesse3
923 869 1112 944 simul,
1144 868 1229 930 uti
1250 877 1432 930 noctu
1452 867 1597 930 clam
1622 887 1823 930 secum
1848 870 2207 948 profugeret,

29 967 214 1035 rogat
253 968 430 1037 atque
463 957 748 1016 hortatur.
809 954 910 1016 Ille
937 953 1136 1016 animo
1179 953 1361 1016 feroci
1396 961 1598 1032 negat,
1642 972 1709 1017 se
1736 954 1963 1016 ,totiens
2012 957 2211 1016 fusum

29 1042 368 1104 Numidam
393 1041 831 1122 pertimescere,
855 1039 1050 1102 virtuti
1071 1057 1314 1101 suorum
1343 1040 1483 1100 satis
1504 1040 1763 1113 credere,
1790 1040 1963 1101 etiam
1980 1041 2031 1104 si
2054 1049 2213 1103 certa

31 1127 235 1208 pestis
283 1129 554 1200 adesset,
603 1143 948 1188 mansurum
983 1124 1196 1204 potius
1240 1141 1416 1202 quam
1449 1125 1715 1204 proditis,
1754 1145 1906 1204 quos
1942 1115 2213 1200 ducebat,

33 1213 206 1292 turpi
246 1213 382 1292 fuga
417 1213 672 1278 incertae
709 1229 779 1272 ac
811 1210 1056 1270 forsitan
1081 1218 1219 1288 post
1241 1207 1439 1289 paullo
1466 1210 1673 1272 morbo
1695 1211 2031 1272 interiturae
2066 1211 2215 1272 vitae

36 1307 350 1378 parceret.
395 1299 664 1366 Ceterum
702 1293 778 1356 ab
803 1296 1014 1372 eodem
1037 1293 1313 1368 monime,
1354 1293 1437 1354 uti
1473 1305 1649 1356 noctu
1683 1297 2213 1374 proficiscerentur,

39 1382 363 1445 consilium
392 1380 696 1462 adprobat,
717 1398 786 1441 ac
809 1379 1004 1440 statim
1025 1379 1237 1441 milites
1266 1390 1538 1442 caenatos
1564 1399 1715 1455 esse,
1739 1382 1801 1442 in
1820 1383 2021 1446 castris
2046 1383 2215 1460 ignes

41 1487 231 1548 quam
268 1469 676 1530 creberrumos
707 1465 864 1538 fieri,
903 1464 1035 1526 dein
1067 1465 1257 1544 prima
1299 1465 1484 1544 vigilia
1526 1427 1757 1528 silentio
1763 1469 1993 1566 egredi
2030 1467 2215 1529 iubet.
2228 1527 2235 1534 ,

40 1554 293 1632 Iamque
332 1562 620 1616 nocturno
664 1551 871 1613 itinere
911 1549 1083 1611 fessis
1127 1548 1401 1611 omnibus
1448 1551 1605 1612 Sulla
1654 1544 1871 1647 pariter
1912 1573 2047 1616 eum
2084 1561 2215 1617 ortu

43 1639 202 1703 solis
239 1647 429 1700 castra
465 1635 808 1711 metabatur,
846 1653 1026 1715 quum
1059 1634 1289 1714 equites
1323 1635 1502 1696 Mauri
1542 1635 1835 1709 nunciant,
1876 1638 2215 1717 Iugurtham

47 1725 285 1787 circiter
335 1725 516 1809 duum
577 1722 795 1784 milium
864 1720 1165 1782 intervallo
1226 1728 1361 1780 ante
1413 1738 1519 1782 eos
1578 1721 1940 1784 consedisse.
2041 1723 2215 1795 Quod

49 1818 368 1892 postquam
411 1797 673 1870 a'uditum
712 1815 826 1880 est,
874 1814 998 1866 tum
1043 1823 1181 1866 vero
1226 1803 1435 1882 ingens
1475 1812 1665 1868 metus
1704 1815 1939 1874 nostros
1980 1807 2217 1880 invadit,

51 1897 302 1960 credere
339 1913 405 1957 se
447 1892 716 1975 proditos
751 1909 785 1953 a
807 1891 1025 1953 Voluce
1063 1896 1122 1951 et
1155 1887 1383 1952 insidiis
1423 1891 1865 1955 cir-cumventos
1910 1893 1997 1955 Ac
2033 1895 2217 1966 fuere,

53 1983 158 2063 qui
198 1982 474 2054 dicerent,
513 1996 689 2041 manu
727 1976 1138 2041 vindicandum
1164 1995 1355 2057 neque
1388 1967 1541 2059 apu'd
1568 1978 1729 2041 illum
1764 1986 1987 2041 tantum
2024 1980 2219 2051 scelus

51 2067 310 2131 inultum
327 2064 800 2147 relinquendum.

194 2192 355 2272 Cap.
377 2191 542 2254 cvll.
588 2193 664 2253 At
683 2190 858 2265 Sulla,
883 2210 1235 2271 quamquam
1264 2189 1467 2253 eadem
1496 2189 1896 2262 existumabat,
1926 2196 2121 2249 tamen
2143 2189 2215 2251 ab

55 2278 271 2339 iniuria
299 2277 565 2338 Maurum
592 2276 894 2355 prohihet,
930 2297 1072 2340 suos
1096 2278 1380 2347 hortatur,
1412 2274 1493 2335 uti
1522 2276 1729 2335 sortem
1758 2275 2013 2335 animum
2048 2294 2219 2353 gere-

52 2371 219 2436 rent,
257 2380 433 2441 saepe
475 2370 608 2422 ante
643 2380 674 2422 a
713 2362 913 2440 paucis
953 2363 1207 2424 strenuis
1242 2363 1552 2423 advorsum
1590 2360 2021 2422 multitudinem
2064 2360 2217 2421 bene

53 2455 412 2529 pugnatum3
433 2454 652 2525 quanto
677 2447 788 2508 sibi
809 2447 870 2508 in
890 2449 1108 2526 praelio
1134 2448 1329 2510 minus
1350 2444 1767 2526 pepercissent,
1792 2453 1954 2508 tanto
1974 2446 2218 2507 tutiores

55 2536 217 2604 fore,
270 2548 380 2593 nec
427 2550 778 2611 quemquam
814 2533 1054 2607 decere,
1099 2534 1196 2613 qui
1230 2549 1441 2595 manus
1476 2532 1813 2605 armaverit,
1852 2533 1925 2594 ab
1976 2532 2218 2593 inermis

55 2616 310 2699 pedibus
331 2616 601 2679 auxilium
621 2628 840 2696 petere,
863 2617 923 2680 in
944 2637 1214 2680 maxumo
1234 2631 1396 2680 metu
1418 2616 1639 2679 nudum
1664 2625 1721 2679 et
1744 2636 1977 2679 caecum
2002 2634 2217 2696 corpus

60 2705 132 2765 ad
155 2704 340 2763 hostis
364 2712 616 2763 vortere.
660 2704 880 2765 Deinde
899 2704 1200 2779 Volucem,
1220 2703 1494 2787 quoniam
1512 2703 1746 2763 hostilia
1766 2706 1999 2775 faceret,
2019 2702 2217 2763 lovem

65 2804 404 2849 maxumum
431 2786 802 2862 obtestatus,
855 2800 920 2852 ut
957 2789 1197 2851 sceleris
1250 2800 1423 2869 atque
1465 2789 1741 2868 perfidiae
1784 2787 2001 2849 Bocchi
2050 2786 2219 2847 testis

63 2876 314 2945 adesset,
340 2892 410 2935 ex
435 2874 642 2936 castris
667 2874 828 2936 abire
845 2875 1026 2938 iubet.
1065 2874 1166 2937 me
1187 2876 1516 2936 lacrumans
1536 2890 1721 2946 orare,
1746 2890 1821 2933 ne
1847 2891 1913 2934 ea
1936 2872 2218 2945 crederet,

65 2959 210 3021 nihil
255 2958 390 3019 dolo
433 2960 680 3033 factum,
726 2978 798 3021 ac
848 2962 1033 3040 magis
1081 2960 1386 3021 calliditate
1426 2960 1767 3036 Iugurthae,
1818 2957 1913 3019 cui
1954 2957 2221 3018 videlicet

67 3043 386 3125 speculanti
429 3043 544 3107 iter
579 3064 755 3106 suum
793 3046 1089 3127 cognitum
1127 3052 1301 3107 esset.
1366 3044 1667 3118 Ceterum,
1712 3043 1984 3122 quoniam
2028 3060 2219 3136 neque

68 3130 360 3209 ingentem
381 3128 806 3192 multitudinem
829 3132 1086 3205 haberet,
1126 3138 1183 3192 et
1214 3148 1356 3211 spes
1378 3146 1643 3211 opesque
1666 3129 1795 3190 eius
1820 3146 1891 3189 ex
1919 3136 2083 3208 patre
2110 3120 2217 3190 'suo

69 3216 412 3295 penderent,
451 3214 694 3277 credere
728 3214 888 3277 illum
924 3217 1068 3279 nihil
1105 3216 1297 3297 palam
1336 3232 1635 3289 ausurum,
1675 3224 1855 3294 quum
1888 3215 2019 3313 ipse
2064 3214 2219 3275 filius

70 3301 235 3365 testis
252 3302 518 3375 adesset,
545 3318 724 3380 quare
747 3311 1048 3381 optumum
1069 3304 1285 3365 factum
1306 3301 1509 3373 videri,
1534 3318 1643 3380 per
1662 3299 1854 3361 media
1880 3300 2007 3361 eius
2028 3308 2217 3360 castra

29 3388 260 3473 palam
297 3387 570 3461 transire,
607 3403 774 3459 sese,
815 3388 906 3448 vel
936 3388 1311 3468 praemissis,
1358 3386 1451 3448 vel
1478 3385 1697 3447 ibidem
1731 3384 1948 3447 relictis
1979 3384 2215 3457 Mauris,

29 3466 256 3535 solum
275 3490 407 3537 cum
425 3474 582 3535 Sulla
600 3473 834 3539 iturum.
877 3473 961 3534 Ea
978 3491 1094 3547 res,
1116 3474 1255 3535 utin
1278 3472 1377 3534 tali
1401 3474 1653 3552 negotio,
1676 3471 1935 3569 probata·
1940 3488 2007 3529 ac
2024 3469 2217 3530 statim

76 3559 334 3640 profecti,
369 3554 508 3639 quia
533 3558 659 3621 de
639 3558 960 3641 improviso
991 3558 1340 3631 acciderant,
1360 3556 1545 3629 dubio
1569 3568 1761 3667 atque
1775 3554 2095 3618 haesitante
2121 3555 2221 3616 lu-
