2400 3900
814 89 1125 150 cumn.
1150 108 1226 184 .⁰·
1255 87 1538 150 ιιι-46.
1803 75 1808 82 ’
1873 51 1885 69 ’
2171 78 2289 154 21‘

104 210 415 290 guentibus
440 207 875 286 aliis-impetum
908 209 968 267 in
996 209 1212 268 curiam
1251 209 1554 268 facturum.
1611 209 1827 269 Natura
1861 210 2043 283 ferox,
2077 197 2256 272 vehe-

99 313 289 369 menS,
310 313 487 356 manu
506 301 811 372 promptus
834 311 1167 354 maxumum
1190 292 1414 353 honum
1438 294 1813 356 in‘celeritate
1835 295 2096 374 putabat.

228 383 391 460 Cap.
412 380 607 440 XLIV.
652 380 769 439 Sed
795 380 1141 456 Allobroges
1180 395 1250 438 ex
1287 380 1922 457 praecepto·Ciceronis
1946 399 2056 461 per
2080 381 2260 442 Gabi-

96 468 259 528 nium
286 475 517 528 ceteros
544 465 930 542 conveniunt3
948 465 1020 526 ab
1040 463 1305 537 Lentulo,
1327 464 1601 542 Cethego,
1623 466 1864 542 Statilio,
1889 468 2028 528 item
2052 467 2256 530 Cassio

94 554 395 634 postulant
432 551 857 625 iusiurandum,
908 550 1065 630 quod
1114 551 1405 646 signatum
1447 549 1522 610 ad
1557 549 1694 610 civis
1730 554 2048 630 perferant,
2089 555 2256 615 aliter

93 639 257 700 haud
298 639 463 700 facile
508 655 612 696 eos
644 638 717 697 ad
757 643 981 696 tantum
1029 635 1330 714 negotium
1375 635 1596 715 impelli
1631 655 1830 714 posse.
1885 639 2075 700 Ceteri
2116 639 2258 701 nihil

97 723 469 805 suspicantes
504 721 667 794 dant,
702 722 935 782 Cassius
978 726 1165 788 semet
1196 739 1265 780 eo
1298 721 1461 782 brevi
1499 731 1808 782 venturum
1848 724 2154 801 pollicetur
2189 744 2260 786 ac

96 811 304 892 paullo
330 818 467 870 ante
500 801 725 884 legatos
748 825 819 866 ex
846 807 993 868 urbe
1019 806 1428 887 proficiscitur.
1473 807 1752 869 Lentulus
1781 825 1909 868 cum
1936 808 2006 870 iis
2029 810 2098 872 Τ.
2121 811 2260 880 Vol-

95 895 353 958 turcium
390 894 703 976 quemdam
728 893 1169 954 Crotoniensem
1198 892 1391 968 mittit,
1440 901 1506 953 ut
1538 893 1883 970 Allobroges
1919 895 2260 990 priusquam

100 984 345 1044 domum
370 986 687 1058 pergerent
717 997 847 1040 cum
875 979 1114 1040 Catilina
1149 979 1281 1038 data
1314 988 1486 1057 atque
1518 989 1754 1060 accepta
1777 981 1892 1040 fide
1923 979 2260 1042 societatem

98 1068 528 1130 confirmarent.
614 1065 751 1144 Ipse
796 1066 1089 1128 Volturcio
1134 1065 1330 1125 literas
1382 1065 1455 1124 ad
1503 1065 1799 1126 Catilinam
1844 1067 1963 1139 dat,
2014 1084 2259 1144 quarum
2301 1070 2308 1078 ’

98 1153 429 1231 exemplum
463 1151 929 1231 infrascriptum
967 1163 1097 1211 est.>
1130 1151 1315 1222 „Quis
1355 1150 1482 1222 sim,
1519 1169 1590 1210 ex
1626 1171 1694 1211 eo
1725 1170 1900 1231 quem
1937 1151 2010 1212 ad
2048 1161 2102 1211 te
2128 1152 2260 1212 misi
2291 1162 2309 1172 “

96 1257 443 1317 cognosces,
497 1237 613 1296 Fac
650 1237 871 1313 cogites
906 1235 967 1295 in
1004 1242 1221 1313 quanta
1258 1233 1577 1297 calamitate
1611 1237 1690 1296 sis
1729 1249 1786 1296 et
1830 1237 2166 1298 memineris
2202 1246 2264 1298 te

94 1324 283 1386 virum
312 1341 463 1395 esse,
490 1321 832 1380 consideres
857 1320 997 1398 quid
1022 1329 1157 1380 tuae
1180 1321 1439 1382 rationes
1462 1323 1778 1400 postulent,
1803 1323 2074 1384 auxilium
2091 1331 2260 1402 petas

98 1410 175 1469 ab
210 1409 481 1469 omnibus
524 1406 692 1467 etiam
716 1407 793 1466 ab
818 1406 1097 1468 infimiS.“
1140 1407 1230 1468 Ad
1252 1408 1367 1467 hoc
1387 1409 1659 1468 mandata
1678 1409 1872 1470 verbis
1898 1409 2012 1470 dat.
2063 1410 2262 1482 Quum

99 1495 176 1555 ab
201 1495 433 1555 Senatu
457 1492 645 1553 hostis
677 1493 962 1553 iudicatus
1000 1493 1093 1563 sit,
1136 1510 1252 1570 quo
1290 1493 1534 1554 consilio
1571 1493 1803 1554 servitia
1832 1492 2263 1574 repudiet2in

97 1581 247 1642 urbe
274 1587 475 1659 parata
500 1596 635 1638 esse
654 1597 803 1657 quae
827 1577 1081 1651 iusserit,
1108 1594 1183 1638 ne
1209 1586 1514 1639 cunctetur
1535 1577 1663 1657 ipse
1684 1581 1928 1658 propius
1959 1581 2262 1642 accedere.

228 1665 313 1728 Ca
325 1684 385 1745 p.
408 1664 577 1725 XLV.
623 1664 727 1724 His
762 1664 945 1724 rebus
979 1664 1058 1723 ita
1092 1664 1256 1737 actiS,
1297 1663 1608 1724 constituta
1641 1674 1815 1725 nocte
1848 1685 1962 1744 qua
1991 1667 2262 1744 proficis-

98 1759 386 1824 cerentur,
425 1749 629 1811 Cicero
652 1767 779 1829 ·per
813 1751 1037 1826 legatos
1072 1757 1280 1810 cuncta
1314 1750 1559 1810 edoctus
1601 1747 1666 1810 L.
1697 1750 1918 1811 Valerio
1954 1751 2161 1812 Flacco
2203 1759 2263 1812 et

100 1839 165 1900 C.
181 1835 497 1916 Pomptino
522 1835 899 1896 Praetoribus
925 1835 1191 1914 imperat,
1226 1834 1310 1897 uti
1342 1835 1403 1895 in
1427 1846 1608 1915 ponte
1637 1836 1847 1897 Mulvio
1881 1855 1989 1915 per
2019 1831 2262 1898 insidias

96 1922 483 2001 Allobrogum
522 1921 831 1982 comitatus
873 1921 1345 2001 deprehendant,
1401 1939 1526 1983 rem
1579 1940 1817 2001 omnem
1865 1923 2051 2004 aperit
2095 1923 2262 1984 cuius

99 2009 283 2087 gratia
305 2006 699 2082 mittebantur,
727 2016 922 2069 cetera·
946 2008 1031 2069 uti
1046 2009 1201 2079 facto
1239 2026 1391 2088 opus
1428 2008 1503 2068 sit
1535 2007 1612 2067 ita
1639 2017 1812 2088 agant
1830 2010 2130 2090 permittit.
2177 2008 2264 2069 Illi

95 2095 371 2155 homines
404 2093 685 2155 militares
722 2094 851 2153 sine
892 2095 1143 2155 tumultu
1175 2094 1484 2173 praesidiis
1525 2094 1837 2170 collocatiS,
1885 2095 2054 2156 sicuti
2087 2113 2264 2175 prae-

98 2189 337 2260 ceptum
361 2180 759 2254 erat,-occulte
782 2189 1021 2259 pontem
1047 2178 1344 2240 obsidunt.
1399 2181 1718 2257 Postquam
1753 2183 1826 2241 ad
1860 2182 1920 2242 id
1941 2181 2058 2242 loci
2089 2180 2262 2257 legati

98 2285 232 2327 cum
270 2264 569 2327 Volturcio
611 2272 901 2325 venerunt
942 2272 996 2326 et
1046 2265 1218 2325 simul
1261 2264 1555 2343 utrimque
1601 2266 1820 2325 clamor
1863 2272 2102 2327 exortus
2150 2273 2260 2337 est,

97 2352 239 2413 Galli
280 2353 393 2414 cito
430 2351 665 2448 cognito
702 2350 946 2411 consilio
984 2350 1112 2409 sine
1140 2367 1304 2409 mora
1328 2350 1702 2411 Praetoribus
1738 2370 1802 2410 se
1824 2352 2080 2411 tradunt.
2125 2350 2263 2411 vol-

97 2437 321 2498 turcius
354 2435 545 2516 primo
581 2434 919 2496 cohortatus
955 2444 1183 2495 ceteros
1223 2434 1414 2511 gladio
1447 2453 1512 2494 se
1536 2454 1567 2495 a
1590 2437 1957 2498 multitudine
1983 2436 2261 2510 defendit,

100 2522 333 2595 deinde,
356 2519 458 2583 ubi
478 2539 513 2581 a
532 2521 740 2599 legatis
766 2514 1032 2582 desertus
1058 2529 1163 2593 est,
1186 2519 1368 2579 multa
1397 2521 1566 2599 prius
1597 2522 1669 2581 de
1700 2524 1890 2584 salute
1915 2542 2020 2583 sua
2042 2524 2262 2601 Pomp-

96 2608 285 2668 tinum
320 2608 665 2683 obtestatuS,
715 2608 871 2687 quod
909 2606 1157 2668 elnotus
1203 2614 1342 2679 erat,
1391 2616 1691 2686 postremo
1726 2609 1963 2671 timidus
1998 2626 2067 2669 ac
2107 2609 2270 2669 vitae

99 2692 377 2754 diffidens
396 2694 555 2755 velut
575 2693 847 2755 hostibus
872 2711 1009 2754 sese
1034 2692 1412 2753 Praetoribus
1436 2694 1616 2754 dedit.

230 2779 386 2859 Cap.
418 2778 613 2841 XLVI.
668 2780 897 2855 Quibus
931 2779 1110 2841 rebus
1141 2778 1421 2839 confectis
1455 2779 1648 2839 omnia
1684 2796 1936 2858 propere
1971 2796 2082 2857 per
2106 2794 2264 2837 nun-
2365 2764 2373 2775 ’

96 2864 214 2924 tios
235 2863 468 2925 Consuli
494 2864 882 2927 declarantur.
926 2867 999 2926 At
1022 2866 1208 2927 illum
1218 2863 1429 2941 ingens
1467 2882 1606 2925 cura
1641 2873 1813 2941 atque
1850 2862 2063 2923 laetitia
2089 2862 2263 2924 simul

97 2966 493 3029 occupavere,
536 2968 673 3013 nam
712 2952 1035 3013 laetabatur
1066 2949 1400 3027 intelligens
1430 2950 1830 3011 coniuratione
1859 2948 2144 3027 patefacta
2180 2948 2262 3009 ci-

96 3036 335 3097 vitatem
370 3033 645 3115 periculis
682 3045 944 3118 ereptam
974 3054 1125 3112 esse,
1162 3053 1344 3114 porro
1379 3042 1572 3097 autem
1605 3034 1812 3095 anxius
1839 3042 1962 3095 erat
1987 3034 2260 3096 dubitans

94 3122 160 3183 in
186 3140 458 3183 maxumo
478 3120 698 3182 scel-ere
713 3125 893 3185 tantis
914 3124 1135 3184 civibus
1159 3122 1545 3199 deprehensis
1566 3121 1703 3199 quid
1729 3121 1879 3179 facto
1902 3139 2049 3199 opus
2071 3127 2258 3181 esset·
2243 3163 2260 3193 ,
2307 3183 2324 3199 ,

92 3225 355 3290 poenam
400 3206 635 3270 illorum
678 3206 791 3269 sihi
834 3210 1017 3283 oneri,
1058 3207 1466 3287 impunitatem
1507 3205 1862 3285 reipublicae
1908 3206 2261 3285 perdundae

96 3296 227 3355 fore
254 3293 551 3356 credebat.
608 3293 793 3372 Igitur
830 3297 1173 3356 confirmato
1217 3292 1412 3353 animo
1435 3292 1632 3353 vocari
1659 3292 1732 3352 ad
1757 3310 1888 3353 sese
1924 3292 2086 3353 iubet
2106 3292 2260 3351 Len-

97 3380 305 3453 tulum,
340 3375 679 3459 Cethegum,
718 3380 1023 3454 Statilium,
1059 3378 1386 3453 Gabinium,
1421 3378 1560 3438 item
1589 3378 1938 3459 Coeparium
1965 3376 2261 3458 quendam

98 3466 603 3539 Terracinensem,
650 3466 751 3545 qui
796 3465 857 3525 in
887 3466 1156 3545 Apulia-m
1208 3465 1280 3524 ad
1319 3463 1664 3525 concitanda
1699 3464 1932 3525 servitia
1966 3460 2260 3542 proficisci

100 3551 368 3633 parabat.
408 3553 616 3615 'Ceteri
652 3552 781 3617 sine
812 3568 978 3613 mora
1004 3552 1271 3613 veniunt:
1318 3550 1638 3630 Coeparius
1673 3548 1868 3633 paullo
1903 3557 2038 3611 ante
2079 3548 2256 3633 domo
