2400 3900
172 41 257 102 ss
730 69 768 123 .·
871 38 937 102 c
980 36 1376 105 ειιιιιειιι
1421 36 1665 100 οιιιειι

179 173 241 224 et
256 161 859 257 aestivorumtempus
871 157 1246 227 comitiorum
1254 174 1420 220 mora
1433 154 1827 229 imminuerat,
1845 162 1908 224 et
1919 155 2362 236 exspeeuuom

182 257 427 310 evemus
463 245 675 309 civium
706 245 937 308 animos
967 244 1230 307 intentes
1265 241 1536 322 putabat,
1585 259 1708 304 non
1737 241 1906 321 paine
1931 241 2168 307 bellum
2199 246 2362 306 attin-

170 351 335 429 gere.
370 349 549 412 quam
596 330 884 395 maiorum
922 329 1236 410 disciplina
1281 329 1492 390 milites
1533 327 1808 396 laborare
1841 327 2168 405 coegisset.
2229 329 2364 392 Nan:

138 416 445 496 '‘Albinus,
468 415 607 480 Auli‘
610 418 813 483 fratris
842 417 1252 494 exercitusque
1273 415 1439 480 clade
1474 411 1781 494 perculsus
1807 419 2130 513 postquam
2161 415 2364 478 decre-

182 513 345 566 verat
374 521 501 566 non
524 503 723 586 egredi
745 502 1066 600 prorincia,
1095 511 1383 582 quantum
1405 499 1688 579 temporis
1708 499 2106 565 aestivorum
2089 504 2161 565 ιιι
2181 501 2364 581 impe

180 591 271 654 rio
297 589 406 652 fuit
432 589 783 672 plerumque
818 588 1033 653 milites
1072 587 1298 657 stativis
1325 587 1534 652 castris
1561 587 1848 660 habebat,
1856 585 1974 651 nisi
2000 605 2200 666 quum
2223 590 2366 650 odos

182 684 285 740 aut
308 675 511 756 pabuli
536 683 771 756 egestas
794 677 987 737 locum
1016 682 1246 738 mutare
1271 674 1610 752 subegerat.
1651 673 1772 742 Sed
1797 690 1992 769 neque
2017 691 2200 742 mor-e
2223 675 2366 736 mili-

180 765 293 826 tari
344 761 572 860 vigiliae
614 761 1090 844 deducebantur,
1134 760 1220 822 uti
1253 760 1470 839 cuique
1511 758 1754 823 lubebat
1787 758 1860 820 ab
1906 757 2094 837 signis
2143 759 2368 824 aberat.

180 849 246 912 Ι
232 866 360 913 ixae
386 848 659 934 permixti
691 865 829 908 cum
862 843 1143 909 militibus
1175 844 1276 908 die
1299 854 1594 942 noctuque
1615 843 1994 942 vagabantur,
2001 855 2076 908 et
2085 847 2367 926 palantes

182 953 357 1016 agros
398 944 647 1008 vastare,
684 932 846 994 villas
882 949 1238 1012 expugnare,
1278 930 1514 1010 pecoris
1545 940 1616 999 et
1641 929 2074 1010 mancipiorum
2112 935 2364 1012 praedas

183 1031 480 1084 certantes
518 1037 718 1099 agere,
750 1034 937 1098 eaque
973 1027 1199 1083 mutare
1239 1035 1374 1080 cum
1411 1017 1856 1086 mercatoribus
1879 1016 2012 1078 vino
2046 1018 2360 1082 advectitio

184 1117 244 1172 et
260 1107 388 1170 aliis
407 1095 651 1171 talibus·
636 1113 977 1203 ,praeterea
990 1106 1352 1174 frumentum
1369 1101 1606 1183 publice
1625 1103 1831 1169 datum
1849 1105 2133 1178 vendere,
2154 1125 2362 1204 panem

180 1193 246 1256 in
286 1179 415 1256 dies
448 1191 715 1266 mercari,
740 1200 1068 1288 postremo,
1094 1207 1500 1288 quaecumque
1525 1188 1650 1252 dici
1662 1195 1768 1251 aut
1783 1188 1930 1267 fingi
1953 1202 2192 1270 queunt
2211 1193 2364 1271 igna-

182 1280 311 1343 viae
330 1277 713 1358 luxuriaeque
731 1279 969 1358 probra,
986 1278 1049 1340 in
1064 1277 1162 1340 illo
1182 1275 1446 1344 exercitu
1465 1283 1674 1342 cuncta
1690 1276 1858 1339 fuere
1885 1284 1946 1336 et
1966 1275 2078 1342 alia
2097 1279 2373 1372 amplius.

320 1364 481 1442 Cap.
508 1363 677 1426 XLV.
725 1363 844 1424 Sed
881 1363 943 1424 in
982 1381 1053 1425 ea
1090 1362 1431 1426 difficultate
1465 1362 1764 1424 Metellum
1799 1379 1924 1424 non
1961 1362 2168 1426 miuus
2205 1383 2373 1445 quam

186 1468 251 1512 ιιι
276 1449 457 1510 rebus
486 1448 803 1513 hostilibus
828 1466 1139 1528 magnum
1132 1459 1208 1510 et
1239 1448 1564 1528 sapientem
1593 1447 1778 1511 virum
1803 1447 1988 1512 tuisse
2015 1451 2362 1530 comperior,

184 1543 349 1600 tanta
414 1535 805 1616 temperantia
870 1535 1025 1611 inte!
1070 1533 1454 1598 ambitionem
1499 1533 1922 1614 saevitiamque
1975 1535 2375 1601 moderatum,

186 1621 455 1702 Namque
482 1621 677 1685 edicto
700 1621 963 1702 primum
978 1621 1314 1687 adiumenta
1329 1619 1596 1698 ignaviae
1615 1620 1945 1694 sustulisse,
1963 1637 2038 1684 ne
2057 1621 2366 1703 quisquam

187 1705 251 1768 in
279 1708 485 1770 castris
509 1726 726 1788 panem
758 1715 861 1771 aut
882 1726 1059 1787 quem
1094 1706 1274 1768 alium
1305 1703 1762 1776 coctumeibum
1783 1707 2086 1782 venderet,
2117 1727 2204 1770 ne
2228 1709 2377 1771 lixae,

191 1793 513 1856 exercitum
552 1804 957 1874 sequerentur,
992 1811 1071 1853 ne
1106 1793 1276 1854 miles
1307 1792 1610 1871 gregarius
1651 1792 1712 1854 in
1749 1793 1978 1857 castris-
1997 1806 2150 1857 neve
2185 1796 2250 1856 in
2279 1815 2368 1876 ag-

191 1880 349 1943 mine
374 1898 611 1942 servum
630 1886 733 1942 aut
753 1878 1085 1945 iumentum
1108 1879 1384 1953 haberet;
1415 1879 1624 1949 ceteris
1653 1887 1780 1942 arte
1801 1879 2044 1943 modum
2063 1882 2367 1944 statuisse.
2375 1881 2379 1957 ξ

192 1968 505 2035 Praeterea
531 1966 887 2028 transvorsis
906 1965 1217 2027 itineribus
1239 1965 1511 2063 quotidie·
1533 1972 1730 2027 castra
1761 1984 2020 2038 movere,
2045 1966 2212 2031 iuxta
2235 1988 2307 2031 ac
2329 1970 2371 2030 si

191 2052 399 2115 hostes
417 2052 731 2150 adessent,
763 2051 915 2113 vallo
952 2058 1127 2131 atque
1166 2053 1329 2115 fossa
1353 2051 1602 2125 munire,
1635 2050 1856 2130 vigilias
1885 2053 2125 2115 crebras
2146 2074 2371 2134 ponere

188 2147 249 2199 et
278 2156 379 2199 eas
412 2138 545 2219 ipse
580 2157 715 2199 cum
748 2137 969 2216 legatis
980 2136 1321 2212 circumire·
1345 2136 1486 2201 item
1517 2137 1582 2199 ιιι
1603 2137 1838 2216 agmine
1855 2138 1943 2201 in
1925 2138 2152 2237 ‘primis
2177 2143 2370 2215 modo,

191 2225 371 2287 modo
408 2224 471 2287 ιιι
502 2223 849 2305 postremiS,
884 2242 1069 2302 saepe
1100 2222 1163 2285 in
1211 2223 1405 2286 medio
1446 2223 1692 2298 adesse,
1723 2240 1802 2288 ne
1839 2224 2130 2305 quispiam
2155 2228 2374 2291 ordine

188 2312 595 2389 egrederetur,
618 2311 703 2373 uti
732 2328 865 2376 cum
891 2309 1083 2389 signis,
1104 2311 1446 2389 frequentes
1485 2310 1852 2385 incederent,
1887 2312 2056 2377 miles
2091 2312 2300 2377 cibum
2323 2322 2376 2375 et

186 2414 353 2459 arma
385 2404 668 2476 portaret.
714 2398 801 2459 Ita
832 2396 1208 2477 probibendo
1243 2414 1280 2457 a
1313 2396 1545 2530 delictis
1579 2396 1770 2475 magis
1801 2414 1999 2477 quam
2015 2397 2372 2463 vindicando

188 2481 513 2545 exercitum
539 2483 705 2551 brevi
730 2482 1121 2545 confirmavit.
1192 2524 1199 2529 -

214 2620 221 2625 .
322 2567 706 2649 Cap.XLV1.
762 2569 995 2630 Interea
1046 2568 1329 2664 Iugurtha
1372 2523 1478 2631 ubi
1521 2586 1674 2646 quae
1719 2568 1988 2637 Metellus
2036 2568 2255 2645 agebat
2307 2588 2370 2633 ex

190 2648 425 2715 nunciis
446 2654 687 2733 accepit,
713 2654 888 2717 simul
918 2654 992 2715 de
1016 2653 1353 2718 innocentia
1377 2654 1504 2718 eius
1535 2653 1752 2717 certior
1776 2654 1968 2719 Roma
1987 2654 2202 2729 faetus,
2223 2655 2372 2717 diffi-

190 2740 337 2801 dere
371 2740 501 2804 suis
530 2738 713 2803 rebus
746 2758 819 2801 ac
848 2746 975 2803 tum
1011 2740 1250 2803 demum
1289 2758 1486 2801 veram
1513 2739 1874 2805 deditionem
1901 2742 2096 2804 facere
2121 2750 2376 2805 conat-is

188 2836 303 2889 cst.
350 2826 533 2909 Igitur
558 2826 785 2907 legatos
812 2827 886 2890 ad
922 2828 1232 2891 consulem
1255 2844 1388 2889 cum
1413 2824 1718 2905 suppliciis
1747 2826 1940 2902 mittit,
1977 2825 2080 2907 qui
2109 2835 2380 2899 tantum·

194 2912 425 2973 modo
406 2912 522 2995 ipsi
556 2912 875 2993 liberisque
911 2912 1089 2975 vitam
1123 2917 1414 2992 peterent,
1451 2911 1559 2973 alia
1597 2912 1796 2976 omnia
1829 2914 2122 2977 dederent
2149 2914 2378 2994 populo

196 2998 485 3061 Romano.
532 2998 651 3061 Sed
677 2998 946 3060 Metello
928 3016 1045 3060 iam
1068 3008 1242 3059 antea
1261 2996 1675 3077 experimentis
1691 2999 1992 3077 cognitum
2017 3004 2160 3073 mat,
2187 3018 2378 3079 genus

196 3080 583 3150 Numidarum
612 3084 881 3159 infidum,
908 3083 1143 3165 ingenio
1168 3081 1395 3158 mobili,
1414 3101 1698 3151 novarum
1723 3102 1924 3154 rerum
1955 3083 2191 3151 avidum
2219 3105 2376 3149 esse.

195 3168 397 3251 ltaque
422 3172 651 3251 legatos
673 3170 857 3235 alium
884 3170 961 3232 ab
994 3170 1109 3232 alio
1144 3169 1419 3234 divorsos
1451 3170 1810 3269 aggreditur,
1833 3190 1906 3237 ac
1924 3170 2226 3253 paullatim
2244 3182 2378 3236 ten·

194 3256 397 3331 tando,
432 3264 747 3337 postquam
782 3267 1155 3337 opportunos
1178 3255 1294 3317 sibi
1329 3256 1624 3335 cognovit,
1662 3258 1842 3321 multa
1874 3257 2212 3337 pollicendo
2237 3276 2377 3338 per-

197 3343 441 3415 suadet,
485 3340 571 3403 uti
607 3342 947 3420 Iugurtham
994 3357 1266 3403 maxume
1308 3340 1530 3417 vivum,
1561 3343 1656 3405 sin
1693 3344 1757 3407 id
1809 3362 2020 3422 parum
2070 3346 2378 3423 precedat,

196 3435 471 3491 necatum
508 3424 621 3489 sibi
653 3427 985 3499 traderent3
1022 3432 1288 3490 ceterum
1311 3430 1522 3508 palam,
1545 3446 1700 3509 quae
1729 3446 1800 3491 ex
1831 3430 2132 3493 voluntate
2157 3431 2380 3507 forenu

200 3514 325 3597 regi
366 3512 651 3578 nunciare
682 3511 868 3575 iubet.
910 3509 1136 3573 Deinde
1170 3510 1306 3591 ipse
1338 3516 1544 3594 paucis
1571 3513 1804 3605 diebus,
1821 3515 2054 3580 intento
2075 3524 2260 3595 atque
2280 3518 2379 3581 in,
