2400 3900
130 45 216 112 40
831 44 897 106 G.
940 41 1331 118 SALLUSTu
1375 42 1620 104 CRlSPl

138 158 311 246 legati
334 182 551 226 venere
575 173 635 226 et
658 183 731 224 ex
758 172 1079 244 praecepto
1108 162 1266 241 regis
1299 161 1633 242 hospitibus
1663 163 1924 242 aliisque,
1958 179 2260 242 quorum

136 259 488 332 tempestate
527 249 591 310 in
634 257 843 311 senatu
874 249 1190 312 auctoritas
1231 247 1505 328 pollebat,
1539 266 1746 326 magna
1785 265 2034 310 munera
2075 246 2306 311 mise'

131 349 297 404 tanta
330 335 704 398 commutatio
738 335 999 409 incessit,
1032 335 1117 398 uti
1148 353 1224 399 ex
1241 351 1508 396 maxuma
1539 333 1752 396 invidia
1776 335 1842 396 in
1870 333 2126 413 gratiam
2161 346 2236 398 et

130 441 339 486 vorem
362 421 681 485 nobilitatis
710 419 993 500 Iugurtha
1020 421 1264 496 veniret,
1299 437 1548 500 quorum
1588 437 1728 500 pars
1763 438 1892 501 spe,
1922 420 2020 484 alii
2043 439 2222 500 prae

133 509 362 573 inducti
386 508 650 588 singulos
675 525 748 570 ex
764 508 987 570 Senatu
1010 507 1329 568 ambiundo
1354 505 1708 580 nitebantur,
1731 525 1810 568 ne
1835 508 2072 585 gravius
2093 506 2176 568 in
2199 528 2244 570 e

137 596 565 658 consuleretur.
606 593 806 673 Igitur,
832 593 935 656 ubi
952 593 1127 672 legati
1146 594 1292 660 satis
1315 593 1638 667 confidunt,
1665 592 1761 657 die
1779 593 2110 659 constituto
2137 595 2282 657 Sen

134 690 231 744 tus
251 681 515 762 utrisque
532 681 725 744 datur.
762 681 915 742 Tum
925 679 1322 742 Adherbalem
1337 680 1456 744 hoc
1471 679 1652 744 modo
1667 678 1930 745 locutum
1949 679 2246 759 accepim

266 769 423 848 Cap.
456 767 603 828 XIV.
661 767 907 842 „Patres
940 765 1285 864 conscripti.
1339 766 1584 846 Micipsa
1618 773 1788 846 pater
1831 783 2004 828 meus
2045 767 2268 828 morie

136 853 278 916 mihi
326 854 645 935 praecepit,
696 853 781 914 ιιιι
821 851 991 932 regni
1024 851 1336 914 Numidiae
1387 853 1796 914 tantummodo
1834 853 2282 931 procuratione

137 940 549 1004 existumarem
576 955 787 1010 meam,
816 947 1079 1000 ceterum
1098 939 1194 999 ius
1219 944 1278 1000 et
1297 937 1610 1018 imperium
1633 937 1762 1004 eius
1789 956 1977 1018 penes
2009 956 2126 998 vos
2157 956 2338 1018 esse,

67 1035 78 1042 '
138 1026 313 1088 simul
354 1028 609 1088 eniterer
644 1023 803 1086 domi
840 1024 1197 1105 militiaeque
1239 1041 1416 1104 quam
1453 1041 1727 1089 maxumo
1759 1023 1892 1086 usui
1915 1041 2054 1086 esse
2089 1001 2343 1106 populo}

134 1113 435 1187 Roman03
472 1129 580 1172 vos
604 1110 667 1170 in
696 1121 1101 1188 cognatorum,
1137 1127 1248 1172 vos
1276 1110 1340 1170 in
1363 1109 1650 1174 adfinium
1677 1111 1878 1172 locum
1913 1111 2244 1188 ducerem3
2287 1111 2345 1174 si(

136 1215 205 1260 ea
226 1196 561 1270 fecissem,
544 1215 607 1258 ιιι
627 1203 823 1258 vostra
851 1198 1101 1260 amicitia
1120 1196 1458 1270 exercitum,
1483 1196 1731 1271 divitias,
1757 1196 2126 1261 munimenta
2151 1199 2347 1277 regim

135 1303 229 1346 me
261 1285 619 1346 habiturum.
666 1282 831 1355 Quae
868 1302 1051 1363 quum
1092 1289 1406 1364 praecepta
1443 1283 1704 1363 parentis
1736 1282 1854 1344 mei
1889 1282 2204 1361 agitarem,
2233 1286 2349 1356 Iu-1

134 1371 363 1448 gurtha,
395 1370 575 1431 homo
604 1367 889 1444 omnium,
926 1388 1077 1448 quos
1113 1377 1268 1432 terra
1289 1369 1561 1442 sustinet,
1597 1369 2136 1444 sceleratissumuS,
2183 1390 2351 1434 con·.

132 1464 356 1536 tempto
392 1455 643 1535 imperio
677 1460 895 1527 vestro,
940 1455 1290 1518 Masinissae
1324 1473 1422 1516 me
1469 1466 1746 1535 nepotem
1782 1463 1850 1518 et.
1867 1455 1986 1518 iam
2019 1455 2095 1516 ab
2135 1457 2326 1537 stirpe

133 1543 364 1604 socium
400 1550 577 1620 atque
616 1540 866 1604 amicum
913 1541 1119 1621 populi
1138 1540 1388 1602 Romani
1421 1559 1604 1620 reguo
1639 1541 2010 1622 fortunisque
2033 1543 2328 1606 omnibus

136 1628 377 1706 expulit.
444 1629 639 1707 Atque
686 1646 817 1708 ego,
868 1628 1076 1690 Patres
1112 1627 1452 1707 conscripti,
1504 1627 1782 1707 quoniam
1823 1647 1894 1688 eo
1943 1627 2326 1692 miseriarum

134 1722 419 1776 venturus
456 1732 635 1790 eram,
669 1713 879 1776 vellem
915 1715 1115 1795 potius
1148 1715 1228 1776 ob
1263 1732 1398 1776 mea
1431 1731 1606 1792 quam
1629 1715 1708 1776 ob
1729 1713 2016 1776 maiorum
2039 1733 2327 1778 meorum

134 1800 421 1862 beneficia
456 1819 639 1880 posse
662 1819 767 1862 me
806 1819 841 1862 a
876 1801 1046 1864 vobis
1083 1800 1362 1862 auxilium
1401 1806 1620 1878 petere,
1669 1819 1740 1862 ac
1783 1817 2058 1862 maxume
2111 1802 2326 1864 deberi

134 1886 280 1949 mihi
315 1887 603 1951 beneficia
636 1904 671 1946 a
706 1885 929 1967 populo
953 1887 1242 1960 Romano,
1281 1884 1501 1966 quibus
1533 1903 1654 1949 non
1683 1904 1954 1966 egerem3
1981 1891 2324 1953 secundum

134 1992 221 2047 ea,
258 1973 310 2035 si
346 1973 739 2036 desideranda
776 1984 961 2047 erant,
1002 1974 1087 2037 uti
1120 1971 1334 2035 debitis
1369 1979 1618 2035 uterer.
1649 1974 1769 2035 Sed
1805 1974 2084 2053 quoniam
2109 1994 2326 2054 parum

132 2066 259 2120 tuta
299 2077 408 2139 per
440 2076 507 2121 se
538 2060 669 2139 ipsa
702 2057 967 2139 probitas
1002 2068 1111 2133 est,
1159 2076 1354 2138 neque
1389 2058 1581 2119 mihi
1566 2077 1627 2119 ιιι
1664 2076 1846 2133 manu
1873 2060 2012 2135 fuit,
2031 2059 2325 2139 Iugurtha

135 2144 327 2241 qualis
360 2148 531 2219 foret,
565 2145 641 2206 ad
672 2163 778 2206 vos
816 2146 1071 2223 confugi,
1106 2146 1311 2207 Patres
1339 2144 1676 2224 conscripti,
1715 2145 1948 2224 quibus,
1989 2149 2150 2225 quod
2179 2150 2326 2211 mihi

133 2230 551 2295 miserrumum
589 2240 698 2305 est,
733 2249 919 2310 cogor
955 2232 1119 2312 prius
1162 2230 1333 2293 oneri
1369 2248 1544 2309 quam
1567 2230 1700 2295 usui
1727 2250 1881 2295 esse.
1927 2232 2120 2295 Ceteri
2143 2253 2325 2313 reges

134 2323 235 2379 aut
259 2318 413 2381 bello
436 2317 573 2381 victi
584 2318 659 2379 ιιι
688 2317 999 2381 amicitiam
1035 2336 1067 2382 a
1094 2317 1262 2381 vobis
1285 2318 1509 2397 recepti
1547 2317 1726 2395 [sunt]
1753 2325 1853 2379 aut
1873 2317 1935 2381 in
1963 2318 2089 2381 suis
2119 2317 2324 2383 dubiis

130 2403 314 2465 rebus
340 2405 679 2468 societatem
702 2413 959 2468 vostram
984 2405 1426 2485 adpetiverunt3
1459 2404 1676 2468 familia
1697 2407 1902 2465 nostra
1927 2423 2060 2467 cum
2092 2409 2322 2486 populo

133 2487 405 2551 Romano
454 2488 616 2551 bello
664 2491 1129 2570 Carthaginiensi
1180 2489 1492 2553 amicitiam
1536 2489 1808 2562 instituit,
1871 2509 1990 2569 quo
2043 2499 2322 2571 tempore

134 2574 325 2652 magis
351 2575 500 2637 fides
534 2574 661 2635 eius
686 2594 864 2654 quam
900 2579 1134 2638 fortuna
1172 2576 1428 2657 petenda
1461 2585 1606 2638 erat.
1663 2578 1930 2650 Quorum
1967 2580 2321 2656 progeniem

134 2679 261 2734 vos,
295 2660 501 2723 Patres
529 2661 868 2740 conscripti,
902 2661 1085 2723 nolite
1122 2663 1244 2741 pati
1275 2680 1370 2724 me
1405 2672 1686 2741 nepotem
1713 2661 2062 2725 Masinissae
2097 2665 2320 2728 fuisti-a

134 2766 171 2807 a
193 2747 362 2809 vobis
386 2746 664 2811 auxilium
686 2756 907 2828 petere.
952 2746 1017 2809 Si
1040 2747 1115 2808 ad
1138 2747 1574 2829 impetrandum
1595 2748 1744 2811 nihil
1767 2766 2012 2811 caussae
2035 2749 2320 2815 haberem

135 2843 371 2913 praeter
392 2833 790 2897 miserandam
829 2834 1143 2907 fortunam,
1182 2833 1344 2913 quod
1372 2834 1568 2912 paullo
1597 2842 1734 2896 aute
1755 2852 1860 2897 rex
1873 2853 2118 2913 genere,
2163 2838 2318 2901 fama

135 2931 310 2999 atque
354 2921 545 3001 copiis
584 2930 819 3001 potens,
879 2935 1045 2983 nunc
1083 2920 1446 2982 deformatus
1485 2919 1804 2994 aerumnis,
1857 2920 2053 3001 inops,
2097 2921 2316 2987 alienas

136 3023 285 3085 opes
328 3016 624 3087 exspecto,
660 3014 857 3069 tamen
894 3015 1021 3069 erat
1042 3006 1362 3071 maiestatis
1387 3006 1590 3085 populi
1611 3006 1862 3072 Romani
1887 3008 2239 3087 prohibere
2221 3030 2318 3073 m·-

134 3091 343 3153 iuriam
382 3112 579 3174 neque
611 3094 734 3175 pati
758 3093 1107 3173 cuiusquam
1132 3110 1382 3172 regnum
1412 3109 1522 3170 per
1545 3092 1740 3155 scelus
1765 3110 2058 3157 creseere.
2101 3094 2314 3159 Verum

137 3197 248 3259 ego
272 3180 345 3242 iis
370 3179 586 3243 finibus
612 3181 832 3243 eiectus
859 3188 1012 3253 sum,
1040 3198 1191 3259 quos
1213 3176 1536 3241 maioribus
1557 3179 1708 3249 meis
1730 3182 1990 3261 populus
2009 3182 2312 3245 Romanus

137 3266 314 3339 dedit,
340 3268 499 3329 unde
529 3276 697 3346 pater
722 3275 782 3329 et
806 3285 952 3327 avus
978 3283 1147 3327 meus
1176 3283 1296 3326 una
1324 3264 1632 3327 vobiscum
1659 3269 1936 3347 expulere
1957 3268 2226 3331 Sufaeem
2253 3280 2313 3330 et

141 3352 657 3433 Carthaginiensis.
700 3353 909 3416 vostra
936 3351 1222 3415 beneficia
1249 3350 1390 3411 mihi
1417 3361 1616 3431 erepta
1649 3363 1808 3426 sunt,
1821 3353 2026 3415 Patres
2051 3355 2310 3416 conscri-

141 3439 247 3516 pti,
271 3460 377 3502 vos
400 3440 463 3501 in
492 3456 621 3499 mea
647 3436 856 3499 iniuria
880 3437 1139 3518 despecti
1166 3437 1331 3497 estiS.
1379 3436 1540 3499 Eheu
1565 3458 1662 3500 me
1681 3437 1990 3499 miserum!
2031 3439 2306 3515 Haecine,

71 3550 73 3554 ·
136 3522 379 3606 micipsa
394 3533 581 3606 pater,
614 3522 900 3585 beneficia
914 3536 1015 3585 tua
1038 3540 1298 3598 evasere,
1323 3532 1406 3598 ut,
1440 3542 1618 3603 quem
1639 3531 1706 3585 tu
1727 3540 1932 3604 parem
1951 3543 2086 3587 cum
2109 3526 2308 3589 liberis
