2400 3900
172 22 250 84 ιο
861 22 924 83 c.
969 7 1365 82 SALLus‘rn
1410 3 1655 85 cmsrr‘

173 143 382 206 cultius
407 143 634 204 consilii
655 142 903 207 huiusce
917 129 1241 226 participes
1263 140 1511 214 nobiles,
1539 159 1688 220 quos
1712 141 1899 224 magis
1924 139 2360 204 dominationis

173 249 316 311 spes
333 229 694 303 hortabatur,
728 247 903 308 quam
920 227 1126 310 inopia¹
1147 234 1249 288 aut
1272 227 1382 288 alia
1405 227 1807 290 necessitudo.
1844 229 2119 291 Ceterum
2133 227 2361 292 iuven-

169 307 269 378 t'us
304 311 602 395 pleraque,
649 315 758 376 sed
793 333 1064 376 maxume
1113 311 1415 387 nobilium,
1454 313 1729 376 Catilinae
1776 313 2031 395 inceptis
2078 313 2385 393 favebat;‹

108 471 118 480 ἃ
169 401 386 482 quibus
423 402 486 462 in
515 399 633 464 otio
668 402 759 462 vel
795 400 1104 479 magnifice
1137 399 1229 460 vel
1264 399 1519 472 molliter
1542 399 1739 462 vivere
1762 401 1931 480 copia
1956 400 2359 475 eratqincerta

168 491 280 569 p'ro
321 487 512 562 certiS,
552 487 770 550 bellum
809 505 986 568 quam
1013 505 1233 566 ,pacem
1283 486 1595 562 malebant.
1665 487 1859 548 Fuere
1910 486 2052 548 item
2086 505 2156 548 ea
2190 494 2358 550 tem-

167 581 420 656 pestate,
461 574 560 652 qui
595 575 922 652 crederent,
970 573 1048 632 M.
1065 571 1368 636 Licinium
1406 573 1685 634 Crassum
1728 591 1852 650 non
1890 571 2162 651 ignarum
2218 573 2354 636 eius

171 660 402 722 consilii
433 660 636 735 fuisse,
674 659 812 740 quia
833 659 936 721 Cn.
959 656 1281 742 Pompeius
1314 659 1539 722 invisus
1576 659 1693 740 ipsi
1714 677 1995 738 magnum
2022 659 2356 722 exercitum

171 744 466 821 ductabat,
493 745 746 809 cuiusvis
779 763 926 824 opes
959 743 1219 806 voluisse
1256 754 1455 808 contra
1492 746 1649 808 illius
1682 745 2006 826 potentiam
2032 763 2355 824 crescerem

169 832 344 895 simul
373 835 683 909 confisum,
709 831 761 894 si
793 825 1447 906 coniuratio'valuisset,
1478 833 1647 894 facile
1670 833 1829 912 apud
1854 831 1989 895 illos
2015 831 2355 912 principem

171 937 238 980 se
260 919 408 979 fore.
1831 955 1837 965 2

301 1038 464 1116 Cap.
483 1036 684 1097 xvffl.
715 1035 832 1096 Sed
853 1042 1024 1096 antea
1045 1036 1184 1096 item
1212 1035 1587 1104 coniuravere
1612 1037 1782 1112 pauci
1800 1045 2004 1098 contra
2022 1038 2356 1116 rempubli-

171 1141 314 1196 cam,
341 1123 404 1184 in
433 1121 644 1201 quibus
671 1121 913 1182 Catilina
937 1121 1072 1194 fuit;
1109 1122 1184 1182 de
1210 1140 1325 1201 qua
1348 1138 1518 1200 quam
1542 1121 1871 1184 verissume
1895 1133 2103 1202 potero
2129 1123 2353 1187 dicam.
2383 1179 2384 1182 ,

166 1211 234 1271 L.
259 1209 445 1282 Tullo,
472 1207 562 1268 Μ’.
583 1207 810 1286 Lepido
835 1207 1186 1270 Consulibus
1224 1209 1291 1269 P.
1316 1207 1635 1269 Autronius
1666 1215 1725 1268 et
1748 1209 1815 1270 P.
1842 1209 2019 1281 Sulla,
2054 1209 2353 1288 designati
2382 1209 2385 1220 ’

169 1294 464 1367 consuleS‚
489 1294 720 1372 legibus
743 1294 995 1355 ambitus
1021 1294 1366 1373 interrogati
1389 1311 1613 1372 poenas
1638 1295 1943 1356 dederant.
1991 1297 2136 1356 Post
2162 1299 2351 1374 paulo

167 1381 406 1444 Catilina
427 1382 808 1458 pecuniarum
828 1378 1289 1458 repetundarum
1305 1397 1449 1443 ‚reus
1472 1381 1801 1458 prohibitus
1826 1389 1953 1442 erat
1977 1383 2355 1444 consulatum

165 1476 392 1547 petere,
423 1466 582 1544 quod
604 1467 755 1527 intra
783 1466 1074 1544 legitimos
1102 1467 1228 1527 dies
1264 1467 1527 1546 profiteri
1550 1467 1927 1545 nequiverat.
1973 1469 2111 1528 Erat
2136 1469 2385 1529 eodem

167 1561 437 1632 tempore
480 1553 584 1614 Cn.
625 1552 781 1625 Piso,
827 1553 1178 1614 adulescens
1224 1545 1453 1625 nobiliS‚
1498 1571 1759 1613 summae
1800 1552 2097 1626 audaciae,
2144 1572 2352 1632 egenS,

167 1639 469 1712 factiosuS,
505 1657 678 1718 quem
711 1639 788 1699 ad
814 1637 1280 1718 perturbandam
1318 1638 1737 1718 rempublicam
1776 1639 1973 1719 inopia
2010 1647 2185 1718 atque
2210 1640 2354 1702 mali

165 1743 366 1786 mores
401 1724 798 1786 stimulabant.
845 1725 988 1786 Cum
1027 1726 1143 1786 hoc
1168 1725 1409 1786 Catilina
1444 1733 1505 1785 et
1528 1725 1853 1787 Autronius
1886 1725 2115 1787 circiter
2142 1726 2351 1788 Nonas
2382 1729 2385 1788 ὲ

163 1811 524 1882 DecembriS‚
561 1811 806 1872 consilio
845 1811 1295 1886 communicato,
1332 1808 1619 1890 parabant
1652 1812 1713 1872 in
1752 1811 2033 1891 Capitolio
2069 1811 2350 1874 Kalendis
2383 1811 2384 1814 ’

165 1896 450 1958 Ianuariis
489 1898 555 1958 L.
603 1897 828 1960 Cottam
871 1904 928 1959 et
969 1899 1035 1959 L.
1079 1899 1445 1978 Torquatum
1492 1897 1778 1959 Consules
1822 1898 2174 1972 interficere,
2234 1898 2351 1979 ipsi

165 1983 425 2045 fascibus
466 1984 751 2062 correptis
776 1984 1051 2046 Pisonem
1091 2003 1225 2045 cum
1254 1984 1512 2045 exercitu
1544 1986 1618 2045 ad
1644 1985 1999 2047 obtinendas
2042 1986 2192 2057 duas
2212 1986 2350 2048 His-

163 2069 370 2149 panias
416 2070 663 2131 mittere.
710 2072 794 2132 Ea
833 2090 898 2131 re
941 2070 1172 2149 cognita
1213 2089 1425 2132 rursus
1454 2070 1514 2131 in
1542 2071 1741 2131 Nonas
1772 2070 2123 2133 Februarias
2148 2073 2349 2133 consi-

163 2156 302 2217 lium
353 2156 548 2217 caedis
591 2156 1028 2218 transtulerant.
1091 2157 1213 2217 Iam
1234 2163 1383 2218 'tum
1426 2176 1549 2217 non
1590 2156 1949 2219 Consulibus
1996 2159 2197 2232 modo,
2242 2158 2349 2221 sed
2383 2204 2384 2213 κ

163 2242 464 2323 plerisque
502 2242 890 2305 senatoribus
927 2242 1247 2322 perniciem
1276 2242 1780 2304 machinabantur.
1810 2244 2067 2317 Quodni
2106 2243 2350 2307 Catilina

166 2337 521 2391 maturasset
563 2350 671 2409 pro
713 2327 872 2391 curia
907 2330 1139 2409 signum
1183 2329 1360 2391 sociis
1401 2330 1571 2403 dare,
1618 2348 1687 2392 eo
1728 2329 1823 2390 die
1872 2336 2011 2410 post
2053 2330 2349 2392 conditam
2383 2328 2384 2331 ’

169 2416 372 2475 urbem
404 2418 652 2478 Romam
687 2414 1299 2495 pessumum'sacinus
1333 2424 1625 2496 patratum
1674 2418 1855 2491 foret3
1904 2416 2037 2496 quia
2080 2417 2348 2480 nondum

167 2502 504 2579 frequentes
531 2501 739 2563 armati
761 2510 1175 2575 convenerant,
1204 2521 1270 2563 ea
1292 2522 1389 2563 res
1418 2502 1722 2565 consilium
1751 2502 2003 2563 diremit.

298 2642 388 2699 Ca
400 2657 460 2719 p··.
486 2638 638 2701 XIX.
683 2641 898 2701 Postea
923 2640 1058 2701 Piso
1089 2640 1153 2701 in
1185 2640 1883 2721 citeriorem-Hispaniam
1908 2641 2205 2712 Quaestor
2234 2658 2346 2718 pro

165 2727 446 2788 Praetore
464 2726 688 2787 -missus
719 2733 828 2801 est,
868 2726 1169 2787 adnitente
1193 2726 1427 2800 Crasso,
1463 2726 1623 2806 quod
1658 2744 1794 2789 eum
1825 2725 2105 2786 infestum
2150 2722 2349 2789 inimi-

170 2832 425 2893 cumque
465 2812 569 2873 Cn.
603 2811 888 2891 Pompeio
927 2819 1303 2904 cognoverat.
1358 2812 1567 2892 Neque
1596 2818 1799 2873 tamen
1824 2812 2078 2873 Senatus
2106 2810 2347 2891 provin-

169 2898 317 2959 ciam
343 2898 558 2961 invitus
588 2899 847 2973 dederat,
889 2898 1108 2979 quippe
1135 2898 1374 2959 foedum
1404 2898 1704 2960 hominem
1730 2916 1765 2958 a
1799 2897 2097 2979 republica
2138 2899 2347 2981 procul

171 3002 300 3044 csse
321 2986 578 3047 volebat:
617 2984 792 3046 simul
813 2984 948 3063 quia
970 2986 1114 3047 boni
1133 2969 1468 3065 complures
1489 2984 1848 3066 praesidium
1864 2985 1926 3046 in
1948 3004 2018 3045 eo
2038 2982 2343 3063 putabant,

169 3076 228 3129 et
250 3070 364 3130 iam
392 3079 515 3133 tum
541 3071 804 3151 potentia
825 3071 1092 3151 Pompeii
1115 3070 1501 3133 formidolosa
1528 3079 1667 3134 erat.
1732 3071 1851 3133 Sed
1878 3070 1929 3133 is
1952 3071 2087 3133 Piso
2112 3069 2175 3131 in
2202 3088 2343 3149 pro-

166 3156 354 3217 vincia
377 3157 451 3218 ab
477 3158 769 3236 equitibus
791 3156 1086 3237 HispaniS,
1116 3177 1269 3238 quos
1293 3158 1355 3219 in
1382 3156 1639 3220 exercitu
1666 3157 1958 3231 ductabat,
1990 3156 2101 3217 iter
2121 3155 2339 3220 faciens
2383 3178 2384 3181 ¹

169 3241 400 3303 occisus
442 3250 550 3303 est.
615 3246 766 3307 Sunt
803 3244 902 3323 qui
941 3243 1020 3305 ita
1065 3244 1285 3318 dicunt,
1328 3242 1572 3323 imperia
1624 3244 1749 3307 eius
1790 3244 2024 3317 iniusta,
2066 3242 2339 3320 superba,
2382 3242 2384 3325 ζ

169 3328 427 3389 crudelia
449 3328 735 3391 barbaros
755 3330 1266 3411 nequivisse-path
1294 3330 1391 3391 alii
1411 3337 1605 3392 autem
1625 3330 1849 3410 equites
1870 3329 2021 3402 illos,
2042 3328 2146 3390 Cn.
2168 3328 2339 3395 Pom·
2382 3376 2384 3407 ,

169 3414 285 3493 peii
321 3423 550 3476 veteres
587 3416 860 3496 fidosque
904 3418 1165 3490 clienteS‚
1212 3417 1509 3478 voluntate
1546 3416 1673 3478 eius
1700 3417 1975 3479 Pisonem
2010 3417 2335 3493 adgressos,
2368 3414 2385 3493 ,ὲ

169 3518 489 3581 numquam
531 3502 828 3583 Hispanos
869 3512 1174 3583 praeterea
1228 3506 1340 3567 tale
1380 3504 1609 3567 facinus
1653 3502 1878 3579 secisse,
1938 3501 2047 3563 sed
2096 3500 2337 3584 imperia
