2400 3900
122 87 212 152 54
335 80 340 85 ·
706 129 717 139 .
806 88 872 149 c,
916 39 1303 148 sauusru
1339 67 1586 148 emsri

126 217 253 281 est,
280 203 503 267 ¹iussus
546 203 624 265 ab
660 205 880 266 Senatu
935 205 1094 266 ltalia
1152 204 1459 265 decedere.
1538 199 1659 264 Sed
1717 211 2030 282 postqum
2079 203 2274 266 noma·

97 309 404 372 egressus
434 299 545 364 est,
567 292 771 364 fertur,
796 307 973 369 saepe
1001 290 1310 351 eo-tacitus
1329 289 1672 367 respiciens,
1691 297 1999 367 postremo
2019 287 2262 354 dixisse:

124 378 335 440 urbem
357 377 619 436 venalem
642 384 703 436 et
720 385 949 436 mature
972 376 1312 455 perituram,
1331 373 1385 434 si
1399 381 1723 452 emptorem
1752 373 2056 438 invenerit.

252 462 344 522 Ca
350 480 411 540 p.
444 461 699 522 xxxvl.
738 460 981 522 Interim
1010 459 1280 531 Albinus,
1313 465 1596 520 renouato
1625 459 1795 522 -bello
1808 505 1826 532 ,
1861 465 2266 542 commeatum,

124 546 481 629 stipendium
506 545 753 625 aliaque,
778 563 931 625 quae
950 542 1226 608 militibus
1253 545 1391 606 usui
1416 545 1628 616 forent,
1667 550 1920 621 maturat
1938 543 1999 607 in
2017 543 2266 607 Amnum

123 639 396 714 portare3
424 650 501 692 ac
534 633 727 692 statim
760 631 887 710 ipse
927 631 1251 709 profectus.
1289 629 1372 692 uti
1391 637 1528 692 ente
1547 628 2266 708 comitia...quod.tenpus

122 717 285 783 haud
324 717 499 794 longe
530 717 759 788 aberat,
800 715 983 776 armis
1002 721 1103 780 aut
1138 713 1434 778 deditione
1461 722 1566 780 aut
1599 713 2018 792 quovismodo
2051 714 2268 782 bellum

124 802 455 863 conficeret.
499 803 574 862 At
608 808 809 862 contra
832 801 1107 877 Iugurtha
1134 800 1366 864 trahere
1391 798 1606 873 emnia,
1643 805 1702 866 et
1725 798 1866 866 alias
1891 798 2106 870 deinde
2119 799 2275 860 alias

122 903 335 950 morae.
368 901 605 948 caussas
648 887 874 958 facem
934 883 1199 964 polliceri
1242 883 1628 956 deditionem,
1671 901 1745 946 ac
1763 910 1772 925 ¹
1792 883 2006 956 deinde
2047 893 2266 947 metum

78 1011 95 1020 κ
122 970 429 1047 simulare3
454 971 667 1032 cedere
689 969 925 1032 instanti
944 979 1007 1041 et
1025 967 1223 1050 paullo
1238 977 1396 1048 post,
1424 986 1500 1031 ne
1521 968 1614 1033 sui
1639 967 1988 1042 diffiderent,
2013 968 2265 1044 iustare3

118 1057 201 1118 ita
225 1057 365 1118 belli
396 1056 602 1126 modo,
644 1054 822 1114 modo
857 1049 1560 1134 paei‘stmora-Consutem
1599 1053 1918 1117 ludificare.
1969 1055 2054 1117 Ae
2087 1055 2270 1128 suere,

123 1139 223 1220 qui
250 1149 375 1204 tum
400 1139 681 1202 Albinum
694 1139 848 1203 haud
878 1139 1145 1216 ignarum
1168 1137 1397 1205 consilii
1415 1137 1574 1214 regis
1596 1137 2034 1212 existumarent,
2072 1157 2268 1218 neque

120 1243 197 1289 ex
236 1235 394 1288 tanta
438 1223 810 1304 properantia
854 1230 971 1285 tam
1014 1223 1181 1287 facile
1227 1231 1470 1284 tractum
1508 1222 1722 1294 bellum
1765 1223 2037 1289 socordia
2081 1225 2270 1302 magis

120 1327 297 1388 quam
320 1301 457 1373 dolo
480 1309 809 1372 crederent.
848 1310 965 1370 Sed
988 1319 1314 1389 postquam,
1339 1309 1566 1387 dilapso
1591 1318 1878 1388 tempore,
1904 1308 2270 1373 comitiorum

120 1395 243 1457 dies
261 1395 627 1466 adventabat,
652 1393 913 1465 Albinus,
948 1395 1095 1456 Aulo
1119 1394 1294 1454 fratre
1315 1393 1380 1454 in
1401 1393 1606 1454 castris
1625 1412 1736 1472 pro
1754 1400 2024 1472 praetore
2043 1394 2270 1468 relicto,
2382 1467 2383 1490 Ξ

117 1480 367 1544 Romam
391 1479 663 1540 decessit.

248 1565 407 1642 Cap.
442 1563 721 1651 xxxva.
764 1564 844 1626 Ea
882 1569 1224 1642 tempestate
1255 1563 1480 1640 Romae
1511 1561 1904 1625 seditionibus
1939 1562 2272 1627 tribuniciis

116 1648 391 1712 atrociter
418 1648 750 1728 respublica
785 1647 1127 1726 agitabatur.
1181 1649 1248 1709 Ρ.
1273 1647 1552 1722 Lucullus
1595 1654 1655 1709 et
1689 1647 1755 1710 L.
1791 1645 2014 1712 Annius
2049 1647 2278 1713 tribuni

116 1733 307 1813 plebis
340 1734 747 1798 resistentibus
786 1733 1025 1812 collegis
1108 1734 1448 1799 continuare
1483 1733 1890 1817 magistratum·
1913 1733 2274 1809 nitebantur,

116 1837 267 1902 quae
296 1819 589 1882 dissensio
614 1819 793 1881 totius
814 1819 953 1890 anni
988 1818 1217 1896 cemitia
1247 1816 1620 1898 impediebat.
1671 1817 1755 1886 Ea
1786 1835 1958 1894 ‚mora
1991 1817 2054 1880 in
2097 1837 2277 1900 spem

116 1904 405 1968 adductus
440 1905 643 1978 Aulus,
687 1921 867 1984 quem.
882 1922 990 1982 pro
1010 1912 1284 1983 praetore
1309 1904 1371 1967 in
1395 1903 1598 1971 castris
1627 1901 1893 1967 relictum
1913 1921 2094 1987 supra
2120 1903 2276 1967 dixi-

114 2008 270 2063 mus,
306 2000 409 2052 aut
448 1989 797 2054 conficiundi
828 1988 964 2051 belli
994 1999 1102 2051 aut
1140 1999 1364 2053 terrore
1400 1988 1687 2051 exercitus
1717 1988 1790 2049 ab
1821 2006 1960 2066 rege
1982 1992 2274 2069 pecuniae

114 2075 467 2153 capiundae,
514 2074 723 2135 milites
762 2092 965 2137 mense
1001 2074 1267 2137 Ianuario
1321 2094 1393 2135 ex
1439 2069 1700 2142 hibernis
1732 2073 1794 2133 in
1839 2074 2276 2153 expeditionem

114 2168 335 2233 evocat,
372 2159 717 2239 magnisque
742 2159 1063 2231 itineribus,
1098 2160 1296 2223 hieme
1325 2177 1552 2237 aspera,
1594 2157 1857 2237 pervenit
1878 2158 1954 2219 ad
1973 2160 2274 2239 oppidum

114 2244 348 2319 Suthul,
385 2244 486 2310 ubi
505 2246 661 2323 regis
685 2245 944 2307 thesauri
965 2255 1148 2307 erant.
1195 2243 1369 2316 Quod
1393 2261 1738 2323 quamquam
1773 2248 1834 2303 et
1856 2244 2091 2307 saevitia
2115 2257 2276 2307 tem-

107 2331 275 2411 poris
308 2338 367 2393 et
385 2331 816 2411 opportunitate
844 2330 957 2393 loci
974 2347 1167 2409 neque
1188 2326 1320 2407 capi
1340 2345 1532 2407 neque
1553 2327 1811 2389 obsideri
1849 2338 2098 2408 poterat,
2125 2350 2276 2396 nam
2372 2372 2382 2391 ,-

29 2468 38 2477 ..
110 2412 333 2477 circum
347 2433 599 2488 murum,
626 2416 801 2477 situm
820 2414 882 2476 in
900 2414 1201 2495 praerupti
1227 2410 1441 2475 montis
1468 2421 1743 2485 extremo,
1769 2413 2035 2493 planities
2053 2412 2276 2477 limosa

34 2512 39 2519 ·
108 2495 459 2581 hiemalibus
482 2501 647 2577 aquis
676 2500 948 2583 paludem
974 2501 1210 2571 fecerat,
1242 2507 1438 2559 tamen
1460 2507 1560 2562 aut
1583 2498 1894 2561 simulandi
1915 2500 2116 2577 gratia,
2140 2520 2272 2579 quo

106 2584 235 2661 regi
268 2582 637 2647 formidinem
667 2586 927 2659 adderet,
963 2594 1063 2646 aut
1096 2582 1368 2664 cupidine
1392 2602 1598 2645 caecus
1625 2582 1700 2645 ob
1723 2583 2032 2646 thesauros
2057 2587 2276 2665 oppidi

106 2668 394 2752 potiundi,
426 2669 618 2733 vineas
654 2689 845 2751 agere,
886 2686 1157 2749 aggerem
1186 2670 1376 2731 iacere
1411 2667 1655 2749 aliaque,
1699 2686 1846 2747 quae
1866 2668 2099 2747 incepto
2126 2672 2276 2731 usui

104 2752 315 2829 forent,
340 2773 677 2835 properare.

164 2832 199 2905 ’.
238 2840 403 2920 Cap.
425 2837 733 2903 xxxvul.
781 2840 854 2901 At
884 2836 1177 2917 Iugurtha,
1221 2839 1446 2917 cognita
1484 2837 1734 2900 vanitate
1775 2846 1948 2917 atque
1971 2837 2280 2916 imperitia

2359 2846 2382 2937 j

104 2923 297 3003 legati,
316 2924 565 2987 subdole
584 2926 709 2986 eius
732 2940 945 3000 augere
966 2924 1294 2999 amentiam,
1315 2922 1601 2985 missitare
1619 2921 1996 3000 supplicantis
2017 2922 2144 3003 lega
2154 2934 2274 2999 tos,
2379 2942 2381 2952 ¹

104 3008 235 3089 ipse
281 3012 447 3091 quasi
504 3009 856 3071 vitabundus
904 3027 1011 3088 per
1052 3008 1312 3071 saltuosa
1351 2999 1492 3069 loca'
1519 3015 1578 3067 et
1627 3007 1886 3068 tramites
1941 3009 2278 3071 exercitum

106 3092 366 3157 ductare.
396 3095 659 3173 Denique
680 3094 890 3157 Aulum
916 3112 1020 3173 spe
1038 3093 1328 3172 pactionis
1353 3090 1621 3171 perpulit,
1648 3091 1749 3167 uti,
1774 3094 1972 3153 relicto
1995 3094 2276 3163 Suthule,

105 3178 167 3241 in
208 3180 435 3244 abditas
474 3179 749 3257 regiones
778 3196 912 3239 sese
935 3178 1107 3241 veluti
1133 3178 1439 3250 cedentem
1463 3175 2012 3255 insequeretur3'ita
2051 3176 2279 3241 delicta

105 3264 417 3327 occultiora
459 3264 603 3327 sore.
646 3264 873 3327 Interea
905 3283 1013 3346 per
1051 3263 1321 3325 homin'es
1363 3260 1599 3323 callidos
1626 3262 1721 3325 die
1761 3272 2058 3343 noctuque
2088 3282 2278 3325 exer-

106 3350 282 3412 citum
314 3348 591 3425 tentabat,
629 3349 1003 3412 centuriones
1030 3348 1328 3425 ducesque
1346 3352 1685 3423 turmarum,
1713 3349 1922 3427 partim
1949 3349 2030 3411 uti
2061 3357 2276 3410 trans-

104 3434 378 3513 fugerent
418 3452 807 3515 corrumpere‚
846 3434 940 3494 alii
962 3433 1129 3510 signo
1172 3432 1308 3493 dato
1339 3431 1534 3493 locum
1569 3433 1652 3495 uti
1678 3431 2042 3497 desererent.
2089 3434 2274 3507 Quae
2365 3484 2380 3512 ι.

106 3526 418 3599 postquam
464 3538 535 3579 ex
579 3520 863 3582 sententia
902 3518 1162 3591 instruit,
1211 3516 1560 3597 intempesta
1602 3525 1774 3578 nocte
1816 3517 1890 3579 de
1934 3521 2270 3601 improviso
