<?xml version="1.0" encoding="UTF-8"?>
<!DOCTYPE html PUBLIC "-//W3C//DTD XHTML 1.0 Transitional//EN"
    "http://www.w3.org/TR/xhtml1/DTD/xhtml1-transitional.dtd">
<html xmlns="http://www.w3.org/1999/xhtml" xml:lang="en" lang="en">
 <head>
  <title>
</title>
<meta http-equiv="Content-Type" content="text/html;charset=utf-8" />
  <meta name='ocr-system' content='tesseract 3.04.00' />
  <meta name='ocr-capabilities' content='ocr_page ocr_carea ocr_par ocr_line ocrx_word'/>
</head>
<body>
  <div class='ocr_page' id='page_1' title='image "./csallustiicrisp00kochgoog_0022.png"; bbox 0 0 2400 3900; ppageno 0'>
   <div class='ocr_carea' id='block_1_1' title="bbox 35 2495 45 2526">
    <p class='ocr_par' dir='ltr' id='par_1_1' title="bbox 35 2495 45 2526">
     <span class='ocr_line' id='line_1_1' title="bbox 35 2495 45 2526; textangle 90"><span class='ocrx_word' id='word_1_1' title='bbox 35 2495 45 2526; x_wconf 68' lang='grc' dir='ltr'><strong>-ι</strong></span> 
     </span>
    </p>
   </div>
   <div class='ocr_carea' id='block_1_2' title="bbox 150 97 1628 160">
    <p class='ocr_par' dir='ltr' id='par_1_2' title="bbox 150 97 1628 160">
     <span class='ocr_line' id='line_1_2' title="bbox 150 97 1628 160; baseline 0.001 -1"><span class='ocrx_word' id='word_1_2' title='bbox 150 99 229 160; x_wconf 80' lang='grc'><strong>14</strong></span> <span class='ocrx_word' id='word_1_3' title='bbox 839 97 905 159; x_wconf 92' lang='lat' dir='ltr'><strong>C.</strong></span> <span class='ocrx_word' id='word_1_4' title='bbox 952 97 1341 159; x_wconf 79' lang='lat' dir='ltr'><strong>SALLUSTII</strong></span> <span class='ocrx_word' id='word_1_5' title='bbox 1383 97 1628 160; x_wconf 79' lang='lat' dir='ltr'><strong>CRISPI</strong></span> 
     </span>
    </p>
   </div>
   <div class='ocr_carea' id='block_1_3' title="bbox 139 214 2347 816">
    <p class='ocr_par' dir='ltr' id='par_1_3' title="bbox 139 214 2347 816">
     <span class='ocr_line' id='line_1_3' title="bbox 143 214 2347 302; baseline 0.001 -21"><span class='ocrx_word' id='word_1_6' title='bbox 143 220 465 287; x_wconf 82' lang='lat' dir='ltr'><strong>cavendum</strong></span> <span class='ocrx_word' id='word_1_7' title='bbox 492 214 667 278; x_wconf 87' lang='lat' dir='ltr'><strong>dolus</strong></span> <span class='ocrx_word' id='word_1_8' title='bbox 700 224 799 277; x_wconf 87' lang='lat' dir='ltr'><strong>aut</strong></span> <span class='ocrx_word' id='word_1_9' title='bbox 820 217 1063 278; x_wconf 80' lang='lat' dir='ltr'><strong>astutiae</strong></span> <span class='ocrx_word' id='word_1_10' title='bbox 1099 217 1361 278; x_wconf 82' lang='lat' dir='ltr'><strong>deerant.</strong></span> <span class='ocrx_word' id='word_1_11' title='bbox 1417 217 1684 297; x_wconf 82' lang='lat' dir='ltr'><strong>Namque</strong></span> <span class='ocrx_word' id='word_1_12' title='bbox 1722 235 1753 278; x_wconf 90' lang='lat' dir='ltr'><strong>a</strong></span> <span class='ocrx_word' id='word_1_13' title='bbox 1773 219 2062 302; x_wconf 90' lang='lat' dir='ltr'><strong>principio</strong></span> <span class='ocrx_word' id='word_1_14' title='bbox 2092 239 2347 284; x_wconf 87' lang='lat' dir='ltr'><strong>consu-</strong></span> 
     </span>
     <span class='ocr_line' id='line_1_4' title="bbox 140 301 2344 384; baseline 0.001 -17"><span class='ocrx_word' id='word_1_15' title='bbox 140 306 293 367; x_wconf 81' lang='lat' dir='ltr'><strong>latus</strong></span> <span class='ocrx_word' id='word_1_16' title='bbox 328 304 421 365; x_wconf 91' lang='lat' dir='ltr'><strong>sui</strong></span> <span class='ocrx_word' id='word_1_17' title='bbox 454 302 636 364; x_wconf 87' lang='lat' dir='ltr'><strong>multa</strong></span> <span class='ocrx_word' id='word_1_18' title='bbox 671 301 1002 381; x_wconf 91' lang='lat' dir='ltr'><strong>pollicendo</strong></span> <span class='ocrx_word' id='word_1_19' title='bbox 1035 321 1146 382; x_wconf 92' lang='lat' dir='ltr'><strong>per</strong></span> <span class='ocrx_word' id='word_1_20' title='bbox 1168 301 1426 365; x_wconf 89' lang='lat' dir='ltr'><strong>Fulviam</strong></span> <span class='ocrx_word' id='word_1_21' title='bbox 1468 305 1755 379; x_wconf 81' lang='lat' dir='ltr'><strong>effecerat,</strong></span> <span class='ocrx_word' id='word_1_22' title='bbox 1780 312 1844 366; x_wconf 90' lang='lat' dir='ltr'><strong>ut</strong></span> <span class='ocrx_word' id='word_1_23' title='bbox 1870 305 1940 380; x_wconf 86' lang='lat' dir='ltr'><strong>Q.</strong></span> <span class='ocrx_word' id='word_1_24' title='bbox 1971 307 2221 384; x_wconf 75' lang='lat' dir='ltr'><strong>CuriuS,</strong></span> <span class='ocrx_word' id='word_1_25' title='bbox 2258 309 2344 370; x_wconf 89' lang='lat' dir='ltr'><strong>de</strong></span> 
     </span>
     <span class='ocr_line' id='line_1_5' title="bbox 142 355 2346 472; baseline 0.002 -20"><span class='ocrx_word' id='word_1_26' title='bbox 142 409 259 471; x_wconf 89' lang='lat' dir='ltr'><strong>quo</strong></span> <span class='ocrx_word' id='word_1_27' title='bbox 281 389 475 470; x_wconf 88' lang='lat' dir='ltr'><strong>paullo</strong></span> <span class='ocrx_word' id='word_1_28' title='bbox 503 395 639 448; x_wconf 88' lang='lat' dir='ltr'><strong>ante</strong></span> <span class='ocrx_word' id='word_1_29' title='bbox 656 388 991 464; x_wconf 81' lang='lat' dir='ltr'>memoravi,</span> <span class='ocrx_word' id='word_1_30' title='bbox 1031 387 1276 450; x_wconf 87' lang='lat' dir='ltr'><strong>consilia</strong></span> <span class='ocrx_word' id='word_1_31' title='bbox 1297 388 1569 451; x_wconf 77' lang='lat' dir='ltr'>Catilinae</span> <span class='ocrx_word' id='word_1_32' title='bbox 1593 389 1706 452; x_wconf 89' lang='lat' dir='ltr'><strong>sibi</strong></span> <span class='ocrx_word' id='word_1_33' title='bbox 1731 392 2032 472; x_wconf 83' lang='lat' dir='ltr'><strong>proderet.</strong></span> <span class='ocrx_word' id='word_1_34' title='bbox 2080 393 2179 454; x_wconf 79' lang='lat' dir='ltr'><strong>Ad</strong></span> <span class='ocrx_word' id='word_1_35' title='bbox 2203 355 2346 458; x_wconf 61' lang='lat' dir='ltr'><strong>&#39;hoc</strong></span> 
     </span>
     <span class='ocr_line' id='line_1_6' title="bbox 144 474 2342 558; baseline 0.002 -20"><span class='ocrx_word' id='word_1_36' title='bbox 144 477 423 554; x_wconf 80' lang='lat' dir='ltr'><strong>collegam</strong></span> <span class='ocrx_word' id='word_1_37' title='bbox 450 492 625 536; x_wconf 86' lang='lat' dir='ltr'><strong>suum</strong></span> <span class='ocrx_word' id='word_1_38' title='bbox 639 474 955 537; x_wconf 78' lang='lat' dir='ltr'><strong>Antonium</strong></span> <span class='ocrx_word' id='word_1_39' title='bbox 976 475 1249 554; x_wconf 81' lang='lat' dir='ltr'><strong>pactione</strong></span> <span class='ocrx_word' id='word_1_40' title='bbox 1267 475 1600 556; x_wconf 86' lang='lat' dir='ltr'><strong>provinciae</strong></span> <span class='ocrx_word' id='word_1_41' title='bbox 1621 478 1980 558; x_wconf 81' lang='lat' dir='ltr'><strong>perpulerat,</strong></span> <span class='ocrx_word' id='word_1_42' title='bbox 2000 497 2076 540; x_wconf 90' lang='lat' dir='ltr'><strong>ne</strong></span> <span class='ocrx_word' id='word_1_43' title='bbox 2107 489 2342 542; x_wconf 85' lang='lat' dir='ltr'><strong>contra</strong></span> 
     </span>
     <span class='ocr_line' id='line_1_7' title="bbox 139 560 2341 645; baseline 0.002 -22"><span class='ocrx_word' id='word_1_44' title='bbox 139 580 269 623; x_wconf 87' lang='lat' dir='ltr'><strong>rem</strong></span> <span class='ocrx_word' id='word_1_45' title='bbox 295 561 583 642; x_wconf 83' lang='lat' dir='ltr'><strong>publicam</strong></span> <span class='ocrx_word' id='word_1_46' title='bbox 618 561 879 635; x_wconf 86' lang='lat' dir='ltr'><strong>sentiret,</strong></span> <span class='ocrx_word' id='word_1_47' title='bbox 917 561 1136 622; x_wconf 89' lang='lat' dir='ltr'><strong>circum</strong></span> <span class='ocrx_word' id='word_1_48' title='bbox 1172 579 1238 621; x_wconf 87' lang='lat' dir='ltr'><strong>se</strong></span> <span class='ocrx_word' id='word_1_49' title='bbox 1272 560 1562 641; x_wconf 87' lang='lat' dir='ltr'><strong>praesidia</strong></span> <span class='ocrx_word' id='word_1_50' title='bbox 1579 563 1895 625; x_wconf 89' lang='lat' dir='ltr'><strong>amicorum</strong></span> <span class='ocrx_word' id='word_1_51' title='bbox 1920 573 2097 645; x_wconf 87' lang='lat' dir='ltr'><strong>atque</strong></span> <span class='ocrx_word' id='word_1_52' title='bbox 2128 565 2341 628; x_wconf 87' lang='lat' dir='ltr'><strong>clien-</strong></span> 
     </span>
     <span class='ocr_line' id='line_1_8' title="bbox 140 645 2339 728; baseline 0.002 -20"><span class='ocrx_word' id='word_1_53' title='bbox 140 648 289 722; x_wconf 83' lang='lat' dir='ltr'><strong>tium</strong></span> <span class='ocrx_word' id='word_1_54' title='bbox 312 647 537 708; x_wconf 85' lang='lat' dir='ltr'><strong>occulte</strong></span> <span class='ocrx_word' id='word_1_55' title='bbox 563 645 832 707; x_wconf 85' lang='lat' dir='ltr'><strong>habebat.</strong></span> <span class='ocrx_word' id='word_1_56' title='bbox 870 647 1187 728; x_wconf 88' lang='lat' dir='ltr'><strong>Postquam</strong></span> <span class='ocrx_word' id='word_1_57' title='bbox 1215 647 1342 707; x_wconf 88' lang='lat' dir='ltr'><strong>dies</strong></span> <span class='ocrx_word' id='word_1_58' title='bbox 1375 647 1742 711; x_wconf 88' lang='lat' dir='ltr'><strong>comitiorum</strong></span> <span class='ocrx_word' id='word_1_59' title='bbox 1766 650 1924 710; x_wconf 88' lang='lat' dir='ltr'><strong>venit</strong></span> <span class='ocrx_word' id='word_1_60' title='bbox 1946 657 2004 712; x_wconf 91' lang='lat' dir='ltr'><strong>et</strong></span> <span class='ocrx_word' id='word_1_61' title='bbox 2023 647 2339 713; x_wconf 82' lang='lat' dir='ltr'><strong>Catilinae</strong></span> 
     </span>
     <span class='ocr_line' id='line_1_9' title="bbox 142 732 2338 816; baseline 0.003 -23"><span class='ocrx_word' id='word_1_62' title='bbox 142 751 338 812; x_wconf 87' lang='lat' dir='ltr'><strong>neque</strong></span> <span class='ocrx_word' id='word_1_63' title='bbox 371 732 571 812; x_wconf 87' lang='lat' dir='ltr'><strong>petitio</strong></span> <span class='ocrx_word' id='word_1_64' title='bbox 598 751 789 812; x_wconf 87' lang='lat' dir='ltr'><strong>neque</strong></span> <span class='ocrx_word' id='word_1_65' title='bbox 812 732 1075 806; x_wconf 86' lang='lat' dir='ltr'><strong>insidiae,</strong></span> <span class='ocrx_word' id='word_1_66' title='bbox 1116 751 1267 812; x_wconf 88' lang='lat' dir='ltr'><strong>quas</strong></span> <span class='ocrx_word' id='word_1_67' title='bbox 1310 732 1634 797; x_wconf 74' lang='lat' dir='ltr'><strong>Consuli‘in</strong></span> <span class='ocrx_word' id='word_1_68' title='bbox 1660 753 1866 816; x_wconf 88' lang='lat' dir='ltr'><strong>campo</strong></span> <span class='ocrx_word' id='word_1_69' title='bbox 1894 737 2133 812; x_wconf 79' lang='lat' dir='ltr'><strong>fecerat,</strong></span> <span class='ocrx_word' id='word_1_70' title='bbox 2171 756 2338 816; x_wconf 90' lang='lat' dir='ltr'><strong>pro-</strong></span> 
     </span>
    </p>
   </div>
   <div class='ocr_carea' id='block_1_4' title="bbox 130 779 2336 903">
    <p class='ocr_par' dir='ltr' id='par_1_4' title="bbox 130 779 2336 903">
     <span class='ocr_line' id='line_1_10' title="bbox 130 779 2336 903; baseline 0.003 -24"><span class='ocrx_word' id='word_1_71' title='bbox 130 833 317 898; x_wconf 78' lang='lat' dir='ltr'><strong>‘spere</strong></span> <span class='ocrx_word' id='word_1_72' title='bbox 354 836 605 893; x_wconf 82' lang='lat' dir='ltr'><strong>cessere,</strong></span> <span class='ocrx_word' id='word_1_73' title='bbox 647 817 945 879; x_wconf 89' lang='lat' dir='ltr'><strong>constituit</strong></span> <span class='ocrx_word' id='word_1_74' title='bbox 966 779 1189 878; x_wconf 81' lang='lat' dir='ltr'><strong>bellum</strong></span> <span class='ocrx_word' id='word_1_75' title='bbox 1210 819 1404 878; x_wconf 84' lang='lat' dir='ltr'><strong>facere</strong></span> <span class='ocrx_word' id='word_1_76' title='bbox 1436 830 1493 879; x_wconf 91' lang='lat' dir='ltr'><strong>et</strong></span> <span class='ocrx_word' id='word_1_77' title='bbox 1533 827 1794 882; x_wconf 84' lang='lat' dir='ltr'><strong>extrema</strong></span> <span class='ocrx_word' id='word_1_78' title='bbox 1811 821 2008 883; x_wconf 87' lang='lat' dir='ltr'><strong>omnia</strong></span> <span class='ocrx_word' id='word_1_79' title='bbox 2040 823 2336 903; x_wconf 86' lang='lat' dir='ltr'><strong>experiri,</strong></span> 
     </span>
    </p>
   </div>
   <div class='ocr_carea' id='block_1_5' title="bbox 140 903 2334 1414">
    <p class='ocr_par' dir='ltr' id='par_1_5' title="bbox 145 903 2116 1012">
     <span class='ocr_line' id='line_1_11' title="bbox 145 903 2116 1012; baseline 0.002 -48"><span class='ocrx_word' id='word_1_80' title='bbox 145 905 422 1012; x_wconf 80' lang='lat' dir='ltr'><strong>quoniam</strong></span> <span class='ocrx_word' id='word_1_81' title='bbox 448 923 598 983; x_wconf 88' lang='lat' dir='ltr'><strong>quae</strong></span> <span class='ocrx_word' id='word_1_82' title='bbox 625 903 853 965; x_wconf 85' lang='lat' dir='ltr'><strong>occulte</strong></span> <span class='ocrx_word' id='word_1_83' title='bbox 878 911 1206 964; x_wconf 85' lang='lat' dir='ltr'><strong>tentaverat</strong></span> <span class='ocrx_word' id='word_1_84' title='bbox 1228 921 1440 983; x_wconf 90' lang='lat' dir='ltr'><strong>aspera</strong></span> <span class='ocrx_word' id='word_1_85' title='bbox 1462 905 1752 985; x_wconf 83' lang='lat' dir='ltr'><strong>foedaque</strong></span> <span class='ocrx_word' id='word_1_86' title='bbox 1785 913 2116 970; x_wconf 85' lang='lat' dir='ltr'><strong>evenerant.</strong></span> 
     </span>
    </p>

    <p class='ocr_par' dir='ltr' id='par_1_6' title="bbox 140 986 2334 1414">
     <span class='ocr_line' id='line_1_12' title="bbox 271 986 2334 1074; baseline 0.002 -22"><span class='ocrx_word' id='word_1_87' title='bbox 271 990 431 1070; x_wconf 91' lang='lat' dir='ltr'><strong>Cap.</strong></span> <span class='ocrx_word' id='word_1_88' title='bbox 454 987 690 1050; x_wconf 85' lang='lat' dir='ltr'>XXVII.</span> <span class='ocrx_word' id='word_1_89' title='bbox 736 987 921 1066; x_wconf 84' lang='lat' dir='ltr'><strong>Igitur</strong></span> <span class='ocrx_word' id='word_1_90' title='bbox 944 991 1005 1051; x_wconf 92' lang='lat' dir='ltr'><strong>C.</strong></span> <span class='ocrx_word' id='word_1_91' title='bbox 1034 989 1315 1050; x_wconf 88' lang='lat' dir='ltr'><strong>Manlium</strong></span> <span class='ocrx_word' id='word_1_92' title='bbox 1338 986 1612 1051; x_wconf 87' lang='lat' dir='ltr'><strong>Faesulas</strong></span> <span class='ocrx_word' id='word_1_93' title='bbox 1639 999 1809 1070; x_wconf 89' lang='lat' dir='ltr'><strong>atque</strong></span> <span class='ocrx_word' id='word_1_94' title='bbox 1839 993 1900 1054; x_wconf 91' lang='lat' dir='ltr'><strong>in</strong></span> <span class='ocrx_word' id='word_1_95' title='bbox 1927 1011 2053 1054; x_wconf 89' lang='lat' dir='ltr'><strong>eam</strong></span> <span class='ocrx_word' id='word_1_96' title='bbox 2081 1002 2334 1074; x_wconf 89' lang='lat' dir='ltr'><strong>partem</strong></span> 
     </span>
     <span class='ocr_line' id='line_1_13' title="bbox 142 1074 2333 1155; baseline 0.003 -19"><span class='ocrx_word' id='word_1_97' title='bbox 142 1076 425 1148; x_wconf 84' lang='lat' dir='ltr'><strong>Etruriae,</strong></span> <span class='ocrx_word' id='word_1_98' title='bbox 470 1074 815 1153; x_wconf 88' lang='lat' dir='ltr'><strong>Septimium</strong></span> <span class='ocrx_word' id='word_1_99' title='bbox 855 1075 1165 1153; x_wconf 90' lang='lat' dir='ltr'><strong>quemdam</strong></span> <span class='ocrx_word' id='word_1_100' title='bbox 1196 1075 1522 1137; x_wconf 87' lang='lat' dir='ltr'><strong>Camertem</strong></span> <span class='ocrx_word' id='word_1_101' title='bbox 1564 1076 1625 1137; x_wconf 92' lang='lat' dir='ltr'><strong>in</strong></span> <span class='ocrx_word' id='word_1_102' title='bbox 1663 1095 1868 1155; x_wconf 88' lang='lat' dir='ltr'><strong>agrum</strong></span> <span class='ocrx_word' id='word_1_103' title='bbox 1901 1078 2208 1154; x_wconf 88' lang='lat' dir='ltr'><strong>Picenum,</strong></span> <span class='ocrx_word' id='word_1_104' title='bbox 2261 1081 2333 1143; x_wconf 92' lang='lat' dir='ltr'><strong>C.</strong></span> 
     </span>
     <span class='ocr_line' id='line_1_14' title="bbox 143 1159 2334 1248; baseline 0.002 -25"><span class='ocrx_word' id='word_1_105' title='bbox 143 1162 390 1223; x_wconf 88' lang='lat' dir='ltr'><strong>Iulium</strong></span> <span class='ocrx_word' id='word_1_106' title='bbox 374 1180 435 1221; x_wconf 88' lang='lat' dir='ltr'><strong>m</strong></span> <span class='ocrx_word' id='word_1_107' title='bbox 454 1159 720 1239; x_wconf 86' lang='lat' dir='ltr'><strong>Apuliam</strong></span> <span class='ocrx_word' id='word_1_108' title='bbox 748 1159 979 1235; x_wconf 90' lang='lat' dir='ltr'><strong>dimisit,</strong></span> <span class='ocrx_word' id='word_1_109' title='bbox 1004 1169 1306 1242; x_wconf 91' lang='lat' dir='ltr'><strong>praeterea</strong></span> <span class='ocrx_word' id='word_1_110' title='bbox 1328 1161 1501 1225; x_wconf 88' lang='lat' dir='ltr'><strong>alium</strong></span> <span class='ocrx_word' id='word_1_111' title='bbox 1519 1161 1630 1222; x_wconf 90' lang='lat' dir='ltr'><strong>alio</strong></span> <span class='ocrx_word' id='word_1_112' title='bbox 1656 1169 1827 1241; x_wconf 84' lang='lat' dir='ltr'><strong>quein</strong></span> <span class='ocrx_word' id='word_1_113' title='bbox 1848 1161 2064 1243; x_wconf 83' lang='lat' dir='ltr'><strong>ubique</strong></span> <span class='ocrx_word' id='word_1_114' title='bbox 2077 1184 2334 1248; x_wconf 83' lang='lat' dir='ltr'><strong>oppor-</strong></span> 
     </span>
     <span class='ocr_line' id='line_1_15' title="bbox 140 1243 2332 1326; baseline 0.004 -20"><span class='ocrx_word' id='word_1_115' title='bbox 140 1255 348 1309; x_wconf 86' lang='lat' dir='ltr'><strong>tunum</strong></span> <span class='ocrx_word' id='word_1_116' title='bbox 368 1245 519 1324; x_wconf 88' lang='lat' dir='ltr'><strong>[sibi]</strong></span> <span class='ocrx_word' id='word_1_117' title='bbox 534 1246 668 1305; x_wconf 84' lang='lat' dir='ltr'><strong>fore</strong></span> <span class='ocrx_word' id='word_1_118' title='bbox 701 1243 990 1307; x_wconf 88' lang='lat' dir='ltr'><strong>credebat.</strong></span> <span class='ocrx_word' id='word_1_119' title='bbox 1018 1245 1264 1308; x_wconf 77' lang='lat' dir='ltr'><strong>Interea</strong></span> <span class='ocrx_word' id='word_1_120' title='bbox 1280 1247 1501 1309; x_wconf 89' lang='lat' dir='ltr'><strong>Romae</strong></span> <span class='ocrx_word' id='word_1_121' title='bbox 1524 1247 1701 1310; x_wconf 83' lang='lat' dir='ltr'><strong>multa</strong></span> <span class='ocrx_word' id='word_1_122' title='bbox 1723 1249 1895 1309; x_wconf 91' lang='lat' dir='ltr'><strong>simul</strong></span> <span class='ocrx_word' id='word_1_123' title='bbox 1917 1250 2126 1326; x_wconf 89' lang='lat' dir='ltr'><strong>moliri,</strong></span> <span class='ocrx_word' id='word_1_124' title='bbox 2155 1247 2332 1314; x_wconf 90' lang='lat' dir='ltr'><strong>Con—</strong></span> 
     </span>
     <span class='ocr_line' id='line_1_16' title="bbox 144 1329 2329 1414; baseline 0.002 -21"><span class='ocrx_word' id='word_1_125' title='bbox 144 1333 256 1393; x_wconf 89' lang='lat' dir='ltr'><strong>suli</strong></span> <span class='ocrx_word' id='word_1_126' title='bbox 292 1329 537 1392; x_wconf 86' lang='lat' dir='ltr'><strong>insidias</strong></span> <span class='ocrx_word' id='word_1_127' title='bbox 573 1331 839 1403; x_wconf 70' lang='lat' dir='ltr'><strong>tendere,</strong></span> <span class='ocrx_word' id='word_1_128' title='bbox 872 1351 1081 1412; x_wconf 90' lang='lat' dir='ltr'><strong>parare</strong></span> <span class='ocrx_word' id='word_1_129' title='bbox 1106 1333 1394 1407; x_wconf 89' lang='lat' dir='ltr'><strong>incendia,</strong></span> <span class='ocrx_word' id='word_1_130' title='bbox 1423 1342 1752 1414; x_wconf 88' lang='lat' dir='ltr'><strong>opportuna</strong></span> <span class='ocrx_word' id='word_1_131' title='bbox 1783 1336 1912 1395; x_wconf 92' lang='lat' dir='ltr'><strong>loca</strong></span> <span class='ocrx_word' id='word_1_132' title='bbox 1936 1335 2174 1398; x_wconf 89' lang='lat' dir='ltr'><strong>armatis</strong></span> <span class='ocrx_word' id='word_1_133' title='bbox 2197 1337 2329 1400; x_wconf 83' lang='lat' dir='ltr'><strong>ho-</strong></span> 
     </span>
    </p>
   </div>
   <div class='ocr_carea' id='block_1_6' title="bbox 116 1415 2327 1498">
    <p class='ocr_par' dir='ltr' id='par_1_7' title="bbox 116 1415 2327 1498">
     <span class='ocr_line' id='line_1_17' title="bbox 116 1415 2327 1498; baseline 0.004 -20"><span class='ocrx_word' id='word_1_134' title='bbox 116 1418 398 1498; x_wconf 33' lang='lat' dir='ltr'><strong>·minibus</strong></span> <span class='ocrx_word' id='word_1_135' title='bbox 422 1415 718 1490; x_wconf 82' lang='lat' dir='ltr'><strong>obsidere,</strong></span> <span class='ocrx_word' id='word_1_136' title='bbox 742 1417 869 1496; x_wconf 88' lang='lat' dir='ltr'><strong>ipse</strong></span> <span class='ocrx_word' id='word_1_137' title='bbox 899 1433 1029 1480; x_wconf 90' lang='lat' dir='ltr'><strong>cum</strong></span> <span class='ocrx_word' id='word_1_138' title='bbox 1054 1419 1171 1479; x_wconf 91' lang='lat' dir='ltr'><strong>telo</strong></span> <span class='ocrx_word' id='word_1_139' title='bbox 1205 1436 1356 1491; x_wconf 90' lang='lat' dir='ltr'><strong>esse,</strong></span> <span class='ocrx_word' id='word_1_140' title='bbox 1384 1420 1524 1479; x_wconf 88' lang='lat' dir='ltr'><strong>item</strong></span> <span class='ocrx_word' id='word_1_141' title='bbox 1549 1420 1694 1480; x_wconf 91' lang='lat' dir='ltr'><strong>alios</strong></span> <span class='ocrx_word' id='word_1_142' title='bbox 1718 1419 1941 1495; x_wconf 89' lang='lat' dir='ltr'><strong>iubere,</strong></span> <span class='ocrx_word' id='word_1_143' title='bbox 1975 1420 2202 1492; x_wconf 73' lang='lat' dir='ltr'><strong>hortari</strong></span> <span class='ocrx_word' id='word_1_144' title='bbox 2231 1426 2327 1486; x_wconf 89' lang='lat' dir='ltr'><strong>uti</strong></span> 
     </span>
    </p>
   </div>
   <div class='ocr_carea' id='block_1_7' title="bbox 139 1501 2326 2697">
    <p class='ocr_par' dir='ltr' id='par_1_8' title="bbox 139 1501 2326 2183">
     <span class='ocr_line' id='line_1_18' title="bbox 147 1501 2322 1588; baseline 0.004 -26"><span class='ocrx_word' id='word_1_145' title='bbox 147 1519 384 1582; x_wconf 77' lang='lat' dir='ltr'><strong>semper</strong></span> <span class='ocrx_word' id='word_1_146' title='bbox 409 1501 616 1562; x_wconf 86' lang='lat' dir='ltr'><strong>intenti</strong></span> <span class='ocrx_word' id='word_1_147' title='bbox 643 1502 947 1584; x_wconf 91' lang='lat' dir='ltr'><strong>paratique</strong></span> <span class='ocrx_word' id='word_1_148' title='bbox 974 1513 1191 1577; x_wconf 89' lang='lat' dir='ltr'><strong>essent,</strong></span> <span class='ocrx_word' id='word_1_149' title='bbox 1234 1502 1358 1564; x_wconf 91' lang='lat' dir='ltr'><strong>dies</strong></span> <span class='ocrx_word' id='word_1_150' title='bbox 1389 1513 1708 1585; x_wconf 89' lang='lat' dir='ltr'><strong>noctesque</strong></span> <span class='ocrx_word' id='word_1_151' title='bbox 1733 1507 2026 1581; x_wconf 83' lang='lat' dir='ltr'><strong>festinare,</strong></span> <span class='ocrx_word' id='word_1_152' title='bbox 2055 1507 2322 1588; x_wconf 85' lang='lat' dir='ltr'><strong>vigilare,</strong></span> 
     </span>
     <span class='ocr_line' id='line_1_19' title="bbox 148 1587 2326 1673; baseline 0.002 -24"><span class='ocrx_word' id='word_1_153' title='bbox 148 1605 341 1667; x_wconf 88' lang='lat' dir='ltr'><strong>neque</strong></span> <span class='ocrx_word' id='word_1_154' title='bbox 372 1587 676 1650; x_wconf 87' lang='lat' dir='ltr'><strong>insomniis</strong></span> <span class='ocrx_word' id='word_1_155' title='bbox 720 1607 915 1669; x_wconf 87' lang='lat' dir='ltr'><strong>neque</strong></span> <span class='ocrx_word' id='word_1_156' title='bbox 950 1589 1150 1652; x_wconf 85' lang='lat' dir='ltr'><strong>labore</strong></span> <span class='ocrx_word' id='word_1_157' title='bbox 1184 1590 1430 1668; x_wconf 82' lang='lat' dir='ltr'><strong>fatigari.</strong></span> <span class='ocrx_word' id='word_1_158' title='bbox 1485 1590 1812 1663; x_wconf 90' lang='lat' dir='ltr'><strong>Postremo,</strong></span> <span class='ocrx_word' id='word_1_159' title='bbox 1851 1591 1950 1652; x_wconf 90' lang='lat' dir='ltr'><strong>ubi</strong></span> <span class='ocrx_word' id='word_1_160' title='bbox 1984 1591 2162 1654; x_wconf 89' lang='lat' dir='ltr'><strong>multa</strong></span> <span class='ocrx_word' id='word_1_161' title='bbox 2189 1595 2326 1673; x_wconf 86' lang='lat' dir='ltr'><strong>agi-</strong></span> 
     </span>
     <span class='ocr_line' id='line_1_20' title="bbox 139 1667 2321 1778; baseline 0.004 -44"><span class='ocrx_word' id='word_1_162' title='bbox 139 1674 298 1734; x_wconf 89' lang='lat' dir='ltr'><strong>tanti</strong></span> <span class='ocrx_word' id='word_1_163' title='bbox 312 1673 456 1735; x_wconf 89' lang='lat' dir='ltr'><strong>nihil</strong></span> <span class='ocrx_word' id='word_1_164' title='bbox 476 1667 761 1754; x_wconf 72' lang='lat' dir='ltr'><strong>pi&#39;ocedit,</strong></span> <span class='ocrx_word' id='word_1_165' title='bbox 785 1693 993 1736; x_wconf 92' lang='lat' dir='ltr'><strong>rursus</strong></span> <span class='ocrx_word' id='word_1_166' title='bbox 1018 1675 1364 1756; x_wconf 89' lang='lat' dir='ltr'><strong>intempesta</strong></span> <span class='ocrx_word' id='word_1_167' title='bbox 1385 1686 1558 1736; x_wconf 90' lang='lat' dir='ltr'><strong>nocte</strong></span> <span class='ocrx_word' id='word_1_168' title='bbox 1580 1677 1992 1739; x_wconf 86' lang='lat' dir='ltr'><strong>coniurationis</strong></span> <span class='ocrx_word' id='word_1_169' title='bbox 2011 1677 2321 1778; x_wconf 82' lang='lat' dir='ltr'><strong>principes</strong></span> 
     </span>
     <span class='ocr_line' id='line_1_21' title="bbox 139 1759 2320 1841; baseline 0.005 -22.032"><span class='ocrx_word' id='word_1_170' title='bbox 139 1770 427 1822; x_wconf 87' lang='lat' dir='ltr'><strong>convocat</strong></span> <span class='ocrx_word' id='word_1_171' title='bbox 464 1777 580 1840; x_wconf 88' lang='lat' dir='ltr'><strong>per</strong></span> <span class='ocrx_word' id='word_1_172' title='bbox 604 1759 679 1820; x_wconf 94' lang='grc' dir='ltr'><strong>Μ.</strong></span> <span class='ocrx_word' id='word_1_173' title='bbox 704 1761 973 1821; x_wconf 86' lang='lat' dir='ltr'><strong>Porcium</strong></span> <span class='ocrx_word' id='word_1_174' title='bbox 1000 1761 1268 1835; x_wconf 87' lang='lat' dir='ltr'><strong>Laecam,</strong></span> <span class='ocrx_word' id='word_1_175' title='bbox 1306 1761 1502 1841; x_wconf 87' lang='lat' dir='ltr'><strong>ibique</strong></span> <span class='ocrx_word' id='word_1_176' title='bbox 1532 1763 1711 1823; x_wconf 91' lang='lat' dir='ltr'><strong>multa</strong></span> <span class='ocrx_word' id='word_1_177' title='bbox 1750 1763 1864 1823; x_wconf 92' lang='lat' dir='ltr'><strong>de</strong></span> <span class='ocrx_word' id='word_1_178' title='bbox 1848 1759 2073 1841; x_wconf 77' lang='lat' dir='ltr'><strong>ig&#39;navia</strong></span> <span class='ocrx_word' id='word_1_179' title='bbox 2100 1783 2320 1830; x_wconf 87' lang='lat' dir='ltr'><strong>eorum</strong></span> 
     </span>
     <span class='ocr_line' id='line_1_22' title="bbox 146 1843 2317 1930; baseline 0.003 -22"><span class='ocrx_word' id='word_1_180' title='bbox 146 1855 387 1925; x_wconf 88' lang='lat' dir='ltr'><strong>questus</strong></span> <span class='ocrx_word' id='word_1_181' title='bbox 414 1846 606 1919; x_wconf 88' lang='lat' dir='ltr'><strong>docet,</strong></span> <span class='ocrx_word' id='word_1_182' title='bbox 635 1863 699 1906; x_wconf 91' lang='lat' dir='ltr'><strong>se</strong></span> <span class='ocrx_word' id='word_1_183' title='bbox 716 1843 991 1906; x_wconf 84' lang='lat' dir='ltr'><strong>Manlium</strong></span> <span class='ocrx_word' id='word_1_184' title='bbox 1017 1845 1392 1926; x_wconf 87' lang='lat' dir='ltr'><strong>praemisisse</strong></span> <span class='ocrx_word' id='word_1_185' title='bbox 1417 1847 1490 1907; x_wconf 92' lang='lat' dir='ltr'><strong>ad</strong></span> <span class='ocrx_word' id='word_1_186' title='bbox 1521 1864 1645 1908; x_wconf 89' lang='lat' dir='ltr'><strong>eam</strong></span> <span class='ocrx_word' id='word_1_187' title='bbox 1675 1847 2104 1910; x_wconf 86' lang='lat' dir='ltr'><strong>multitudinem</strong></span> <span class='ocrx_word' id='word_1_188' title='bbox 2133 1869 2317 1930; x_wconf 89' lang='lat' dir='ltr'><strong>quam</strong></span> 
     </span>
     <span class='ocr_line' id='line_1_23' title="bbox 144 1931 2316 2031; baseline 0.004 -40"><span class='ocrx_word' id='word_1_189' title='bbox 144 1934 217 1993; x_wconf 90' lang='lat' dir='ltr'><strong>ad</strong></span> <span class='ocrx_word' id='word_1_190' title='bbox 244 1933 529 2031; x_wconf 84' lang='lat' dir='ltr'><strong>capiunda</strong></span> <span class='ocrx_word' id='word_1_191' title='bbox 554 1950 713 1992; x_wconf 90' lang='lat' dir='ltr'><strong>arma</strong></span> <span class='ocrx_word' id='word_1_192' title='bbox 750 1939 1071 2011; x_wconf 74' lang='lat' dir='ltr'><strong>paraverat,</strong></span> <span class='ocrx_word' id='word_1_193' title='bbox 1105 1932 1246 1993; x_wconf 89' lang='lat' dir='ltr'><strong>item</strong></span> <span class='ocrx_word' id='word_1_194' title='bbox 1279 1931 1424 1993; x_wconf 90' lang='lat' dir='ltr'><strong>alios</strong></span> <span class='ocrx_word' id='word_1_195' title='bbox 1460 1933 1522 1993; x_wconf 87' lang='lat' dir='ltr'><strong>in</strong></span> <span class='ocrx_word' id='word_1_196' title='bbox 1559 1933 1664 1994; x_wconf 86' lang='lat' dir='ltr'><strong>alia</strong></span> <span class='ocrx_word' id='word_1_197' title='bbox 1697 1933 1826 1997; x_wconf 91' lang='lat' dir='ltr'><strong>loca</strong></span> <span class='ocrx_word' id='word_1_198' title='bbox 1852 1943 2182 2017; x_wconf 89' lang='lat' dir='ltr'><strong>opportuna</strong></span> <span class='ocrx_word' id='word_1_199' title='bbox 2210 1937 2316 2018; x_wconf 88' lang='lat' dir='ltr'><strong>qui</strong></span> 
     </span>
     <span class='ocr_line' id='line_1_24' title="bbox 142 2016 2314 2102; baseline 0.004 -25"><span class='ocrx_word' id='word_1_200' title='bbox 142 2018 369 2080; x_wconf 88' lang='lat' dir='ltr'><strong>initium</strong></span> <span class='ocrx_word' id='word_1_201' title='bbox 390 2016 530 2079; x_wconf 87' lang='lat' dir='ltr'><strong>belli</strong></span> <span class='ocrx_word' id='word_1_202' title='bbox 552 2018 829 2092; x_wconf 83' lang='lat' dir='ltr'><strong>facerent,</strong></span> <span class='ocrx_word' id='word_1_203' title='bbox 854 2036 1037 2097; x_wconf 90' lang='lat' dir='ltr'><strong>seque</strong></span> <span class='ocrx_word' id='word_1_204' title='bbox 1054 2018 1126 2077; x_wconf 89' lang='lat' dir='ltr'><strong>a&#39;d</strong></span> <span class='ocrx_word' id='word_1_205' title='bbox 1156 2018 1472 2079; x_wconf 85' lang='lat' dir='ltr'><strong>exercitum</strong></span> <span class='ocrx_word' id='word_1_206' title='bbox 1491 2019 1781 2099; x_wconf 88' lang='lat' dir='ltr'><strong>proficisci</strong></span> <span class='ocrx_word' id='word_1_207' title='bbox 1806 2039 2041 2101; x_wconf 85' lang='lat' dir='ltr'><strong>cupere,</strong></span> <span class='ocrx_word' id='word_1_208' title='bbox 2071 2022 2121 2083; x_wconf 89' lang='lat' dir='ltr'><strong>si</strong></span> <span class='ocrx_word' id='word_1_209' title='bbox 2143 2023 2314 2102; x_wconf 88' lang='lat' dir='ltr'><strong>prius</strong></span> 
     </span>
     <span class='ocr_line' id='line_1_25' title="bbox 148 2102 2077 2183; baseline 0.001 -18"><span class='ocrx_word' id='word_1_210' title='bbox 148 2104 429 2166; x_wconf 88' lang='lat' dir='ltr'><strong>Cicerone</strong></span> <span class='ocrx_word' id='word_1_211' title='bbox 512 2103 931 2183; x_wconf 86' lang='lat' dir='ltr'><strong>oppressisset,</strong></span> <span class='ocrx_word' id='word_1_212' title='bbox 956 2121 1090 2164; x_wconf 88' lang='lat' dir='ltr'><strong>eum</strong></span> <span class='ocrx_word' id='word_1_213' title='bbox 1116 2102 1237 2165; x_wconf 90' lang='lat' dir='ltr'><strong>suis</strong></span> <span class='ocrx_word' id='word_1_214' title='bbox 1267 2102 1523 2164; x_wconf 87' lang='lat' dir='ltr'><strong>consiliis</strong></span> <span class='ocrx_word' id='word_1_215' title='bbox 1549 2105 1792 2167; x_wconf 88' lang='lat' dir='ltr'><strong>multum</strong></span> <span class='ocrx_word' id='word_1_216' title='bbox 1819 2106 2077 2169; x_wconf 83' lang='lat' dir='ltr'><strong>officere.</strong></span> 
     </span>
    </p>

    <p class='ocr_par' dir='ltr' id='par_1_9' title="bbox 144 2186 2310 2697">
     <span class='ocr_line' id='line_1_26' title="bbox 273 2186 2308 2270; baseline 0.001 -19"><span class='ocrx_word' id='word_1_217' title='bbox 273 2189 429 2270; x_wconf 87' lang='lat' dir='ltr'><strong>Cap.</strong></span> <span class='ocrx_word' id='word_1_218' title='bbox 507 2186 703 2251; x_wconf 83' lang='lat' dir='ltr'><strong>XVIII.</strong></span> <span class='ocrx_word' id='word_1_219' title='bbox 750 2189 930 2269; x_wconf 85' lang='lat' dir='ltr'><strong>Igitur</strong></span> <span class='ocrx_word' id='word_1_220' title='bbox 952 2188 1273 2268; x_wconf 81' lang='lat' dir='ltr'><strong>perterritis</strong></span> <span class='ocrx_word' id='word_1_221' title='bbox 1309 2208 1378 2250; x_wconf 89' lang='lat' dir='ltr'><strong>ac</strong></span> <span class='ocrx_word' id='word_1_222' title='bbox 1402 2188 1799 2253; x_wconf 85' lang='lat' dir='ltr'><strong>dubitantibus</strong></span> <span class='ocrx_word' id='word_1_223' title='bbox 1841 2192 2050 2253; x_wconf 83' lang='lat' dir='ltr'><strong>ceteris</strong></span> <span class='ocrx_word' id='word_1_224' title='bbox 2078 2192 2140 2254; x_wconf 90' lang='lat' dir='ltr'><strong>C.</strong></span> <span class='ocrx_word' id='word_1_225' title='bbox 2159 2192 2308 2255; x_wconf 89' lang='lat' dir='ltr'><strong>Cor-</strong></span> 
     </span>
     <span class='ocr_line' id='line_1_27' title="bbox 146 2273 2310 2357; baseline 0.003 -21"><span class='ocrx_word' id='word_1_226' title='bbox 146 2275 350 2350; x_wconf 75' lang='lat' dir='ltr'><strong>neliae,</strong></span> <span class='ocrx_word' id='word_1_227' title='bbox 380 2293 559 2356; x_wconf 86' lang='lat' dir='ltr'><strong>eques</strong></span> <span class='ocrx_word' id='word_1_228' title='bbox 583 2276 902 2350; x_wconf 88' lang='lat' dir='ltr'><strong>Romanus,</strong></span> <span class='ocrx_word' id='word_1_229' title='bbox 930 2292 1171 2354; x_wconf 86' lang='lat' dir='ltr'><strong>operam</strong></span> <span class='ocrx_word' id='word_1_230' title='bbox 1209 2293 1376 2336; x_wconf 87' lang='lat' dir='ltr'><strong>suam</strong></span> <span class='ocrx_word' id='word_1_231' title='bbox 1402 2273 1692 2357; x_wconf 87' lang='lat' dir='ltr'><strong>pollicitus</strong></span> <span class='ocrx_word' id='word_1_232' title='bbox 1730 2287 1946 2340; x_wconf 88' lang='lat' dir='ltr'><strong>etcum</strong></span> <span class='ocrx_word' id='word_1_233' title='bbox 1975 2293 2044 2340; x_wconf 88' lang='lat' dir='ltr'><strong>eo</strong></span> <span class='ocrx_word' id='word_1_234' title='bbox 2071 2276 2135 2340; x_wconf 89' lang='lat' dir='ltr'><strong>L.</strong></span> <span class='ocrx_word' id='word_1_235' title='bbox 2160 2278 2310 2342; x_wconf 81' lang='lat' dir='ltr'><strong>Var-</strong></span> 
     </span>
     <span class='ocr_line' id='line_1_28' title="bbox 146 2360 2304 2445; baseline 0.003 -24"><span class='ocrx_word' id='word_1_236' title='bbox 146 2363 413 2438; x_wconf 85' lang='lat' dir='ltr'><strong>gunteius</strong></span> <span class='ocrx_word' id='word_1_237' title='bbox 442 2363 690 2424; x_wconf 89' lang='lat' dir='ltr'><strong>Senator</strong></span> <span class='ocrx_word' id='word_1_238' title='bbox 726 2360 1101 2435; x_wconf 86' lang='lat' dir='ltr'><strong>constituere,</strong></span> <span class='ocrx_word' id='word_1_239' title='bbox 1148 2378 1220 2421; x_wconf 89' lang='lat' dir='ltr'><strong>ea</strong></span> <span class='ocrx_word' id='word_1_240' title='bbox 1267 2368 1440 2421; x_wconf 90' lang='lat' dir='ltr'><strong>nocte</strong></span> <span class='ocrx_word' id='word_1_241' title='bbox 1469 2362 1659 2441; x_wconf 91' lang='lat' dir='ltr'><strong>paullo</strong></span> <span class='ocrx_word' id='word_1_242' title='bbox 1709 2372 1851 2445; x_wconf 89' lang='lat' dir='ltr'><strong>post</strong></span> <span class='ocrx_word' id='word_1_243' title='bbox 1891 2382 2022 2425; x_wconf 89' lang='lat' dir='ltr'><strong>cum</strong></span> <span class='ocrx_word' id='word_1_244' title='bbox 2071 2367 2304 2429; x_wconf 87' lang='lat' dir='ltr'><strong>armatis</strong></span> 
     </span>
     <span class='ocr_line' id='line_1_29' title="bbox 144 2446 2302 2529; baseline 0.003 -23"><span class='ocrx_word' id='word_1_245' title='bbox 144 2446 481 2508; x_wconf 88' lang='lat' dir='ltr'><strong>bominibus</strong></span> <span class='ocrx_word' id='word_1_246' title='bbox 509 2448 677 2508; x_wconf 90' lang='lat' dir='ltr'><strong>sicuti</strong></span> <span class='ocrx_word' id='word_1_247' title='bbox 701 2449 1007 2513; x_wconf 82' lang='lat' dir='ltr'><strong>salutatum</strong></span> <span class='ocrx_word' id='word_1_248' title='bbox 1040 2448 1281 2509; x_wconf 87' lang='lat' dir='ltr'><strong>introire</strong></span> <span class='ocrx_word' id='word_1_249' title='bbox 1318 2449 1390 2507; x_wconf 86' lang='lat' dir='ltr'><strong>ad</strong></span> <span class='ocrx_word' id='word_1_250' title='bbox 1417 2446 1754 2509; x_wconf 88' lang='lat' dir='ltr'><strong>Ciceronem</strong></span> <span class='ocrx_word' id='word_1_251' title='bbox 1796 2468 1865 2509; x_wconf 90' lang='lat' dir='ltr'><strong>ac</strong></span> <span class='ocrx_word' id='word_1_252' title='bbox 1887 2449 1960 2510; x_wconf 87' lang='lat' dir='ltr'><strong>de</strong></span> <span class='ocrx_word' id='word_1_253' title='bbox 1984 2450 2302 2529; x_wconf 86' lang='lat' dir='ltr'><strong>improviso</strong></span> 
     </span>
     <span class='ocr_line' id='line_1_30' title="bbox 146 2532 2300 2611; baseline 0.003 -19"><span class='ocrx_word' id='word_1_254' title='bbox 146 2532 307 2592; x_wconf 91' lang='lat' dir='ltr'><strong>domi</strong></span> <span class='ocrx_word' id='word_1_255' title='bbox 345 2550 484 2592; x_wconf 90' lang='lat' dir='ltr'><strong>suae</strong></span> <span class='ocrx_word' id='word_1_256' title='bbox 528 2533 873 2611; x_wconf 87' lang='lat' dir='ltr'><strong>imparatum</strong></span> <span class='ocrx_word' id='word_1_257' title='bbox 911 2533 1248 2594; x_wconf 82' lang='lat' dir='ltr'><strong>confodere.</strong></span> <span class='ocrx_word' id='word_1_258' title='bbox 1308 2532 1536 2607; x_wconf 87' lang='lat' dir='ltr'><strong>Curius,</strong></span> <span class='ocrx_word' id='word_1_259' title='bbox 1575 2533 1673 2595; x_wconf 87' lang='lat' dir='ltr'><strong>ubi</strong></span> <span class='ocrx_word' id='word_1_260' title='bbox 1706 2534 1985 2611; x_wconf 85' lang='lat' dir='ltr'><strong>intellegit</strong></span> <span class='ocrx_word' id='word_1_261' title='bbox 2023 2543 2300 2611; x_wconf 88' lang='lat' dir='ltr'><strong>quantum</strong></span> 
     </span>
     <span class='ocr_line' id='line_1_31' title="bbox 144 2616 2299 2697; baseline 0.004 -22"><span class='ocrx_word' id='word_1_262' title='bbox 144 2617 467 2697; x_wconf 87' lang='lat' dir='ltr'><strong>periculum</strong></span> <span class='ocrx_word' id='word_1_263' title='bbox 488 2616 725 2678; x_wconf 88' lang='lat' dir='ltr'><strong>Consuli</strong></span> <span class='ocrx_word' id='word_1_264' title='bbox 749 2616 1105 2695; x_wconf 87' lang='lat' dir='ltr'><strong>impendeat,</strong></span> <span class='ocrx_word' id='word_1_265' title='bbox 1132 2635 1388 2696; x_wconf 87' lang='lat' dir='ltr'><strong>propere</strong></span> <span class='ocrx_word' id='word_1_266' title='bbox 1416 2616 1792 2697; x_wconf 86' lang='lat' dir='ltr'><strong>perFulviam</strong></span> <span class='ocrx_word' id='word_1_267' title='bbox 1815 2618 2080 2678; x_wconf 89' lang='lat' dir='ltr'><strong>Ciceroni</strong></span> <span class='ocrx_word' id='word_1_268' title='bbox 2104 2618 2299 2683; x_wconf 89' lang='lat' dir='ltr'><strong>dolum</strong></span> 
     </span>
    </p>
   </div>
   <div class='ocr_carea' id='block_1_8' title="bbox 47 2689 2296 2782">
    <p class='ocr_par' dir='ltr' id='par_1_10' title="bbox 47 2689 2296 2782">
     <span class='ocr_line' id='line_1_32' title="bbox 47 2689 2296 2782; baseline 0.002 -18"><span class='ocrx_word' id='word_1_269' title='bbox 47 2689 57 2742; x_wconf 79' lang='lat'><strong>&#39;-</strong></span> <span class='ocrx_word' id='word_1_270' title='bbox 146 2703 245 2782; x_wconf 91' lang='lat' dir='ltr'><strong>qui</strong></span> <span class='ocrx_word' id='word_1_271' title='bbox 286 2700 601 2782; x_wconf 87' lang='lat' dir='ltr'><strong>parabatur</strong></span> <span class='ocrx_word' id='word_1_272' title='bbox 641 2704 926 2763; x_wconf 89' lang='lat' dir='ltr'><strong>enunciat.</strong></span> <span class='ocrx_word' id='word_1_273' title='bbox 996 2701 1081 2761; x_wconf 86' lang='lat' dir='ltr'><strong>Ita</strong></span> <span class='ocrx_word' id='word_1_274' title='bbox 1122 2702 1203 2762; x_wconf 88' lang='lat' dir='ltr'><strong>illi</strong></span> <span class='ocrx_word' id='word_1_275' title='bbox 1251 2702 1421 2762; x_wconf 91' lang='lat' dir='ltr'><strong>ianua</strong></span> <span class='ocrx_word' id='word_1_276' title='bbox 1473 2702 1749 2780; x_wconf 88' lang='lat' dir='ltr'><strong>prohibiti</strong></span> <span class='ocrx_word' id='word_1_277' title='bbox 1797 2709 2021 2763; x_wconf 88' lang='lat' dir='ltr'><strong>tantum</strong></span> <span class='ocrx_word' id='word_1_278' title='bbox 2075 2702 2296 2768; x_wconf 84' lang='lat' dir='ltr'><strong>facinus</strong></span> 
     </span>
    </p>
   </div>
   <div class='ocr_carea' id='block_1_9' title="bbox 146 2785 2296 2868">
    <p class='ocr_par' dir='ltr' id='par_1_11' title="bbox 146 2785 2296 2868">
     <span class='ocr_line' id='line_1_33' title="bbox 146 2785 2296 2868; baseline 0.001 -20"><span class='ocrx_word' id='word_1_279' title='bbox 146 2791 358 2851; x_wconf 76' lang='lat' dir='ltr'><strong>frustra</strong></span> <span class='ocrx_word' id='word_1_280' title='bbox 386 2794 787 2868; x_wconf 86' lang='lat' dir='ltr'><strong>susceperant.</strong></span> <span class='ocrx_word' id='word_1_281' title='bbox 843 2789 1071 2848; x_wconf 87' lang='lat' dir='ltr'><strong>Interea</strong></span> <span class='ocrx_word' id='word_1_282' title='bbox 1095 2785 1342 2849; x_wconf 80' lang='lat' dir='ltr'><strong>Manlius</strong></span> <span class='ocrx_word' id='word_1_283' title='bbox 1378 2786 1438 2845; x_wconf 90' lang='lat' dir='ltr'><strong>in</strong></span> <span class='ocrx_word' id='word_1_284' title='bbox 1469 2786 1696 2848; x_wconf 83' lang='lat' dir='ltr'><strong>Etruria</strong></span> <span class='ocrx_word' id='word_1_285' title='bbox 1716 2786 1946 2866; x_wconf 90' lang='lat' dir='ltr'><strong>plebem</strong></span> <span class='ocrx_word' id='word_1_286' title='bbox 1975 2786 2296 2867; x_wconf 83' lang='lat' dir='ltr'><strong>sollicitare,</strong></span> 
     </span>
    </p>
   </div>
   <div class='ocr_carea' id='block_1_10' title="bbox 55 2867 2292 2955">
    <p class='ocr_par' dir='ltr' id='par_1_12' title="bbox 55 2867 2292 2955">
     <span class='ocr_line' id='line_1_34' title="bbox 55 2867 2292 2955; baseline 0.003 -23"><span class='ocrx_word' id='word_1_287' title='bbox 55 2867 63 2896; x_wconf 75' lang='lat'><strong>²</strong></span> <span class='ocrx_word' id='word_1_288' title='bbox 148 2884 405 2952; x_wconf 85' lang='lat' dir='ltr'><strong>egestate</strong></span> <span class='ocrx_word' id='word_1_289' title='bbox 440 2875 613 2937; x_wconf 90' lang='lat' dir='ltr'><strong>simul</strong></span> <span class='ocrx_word' id='word_1_290' title='bbox 648 2892 716 2935; x_wconf 91' lang='lat' dir='ltr'><strong>ac</strong></span> <span class='ocrx_word' id='word_1_291' title='bbox 758 2872 960 2934; x_wconf 91' lang='lat' dir='ltr'><strong>dolore</strong></span> <span class='ocrx_word' id='word_1_292' title='bbox 994 2874 1240 2934; x_wconf 89' lang='lat' dir='ltr'><strong>iniuriae</strong></span> <span class='ocrx_word' id='word_1_293' title='bbox 1278 2890 1559 2935; x_wconf 85' lang='lat' dir='ltr'><strong>novarum</strong></span> <span class='ocrx_word' id='word_1_294' title='bbox 1606 2889 1804 2934; x_wconf 87' lang='lat' dir='ltr'><strong>rerum</strong></span> <span class='ocrx_word' id='word_1_295' title='bbox 1830 2872 2114 2953; x_wconf 90' lang='lat' dir='ltr'><strong>cupidam.</strong></span> <span class='ocrx_word' id='word_1_296' title='bbox 2140 2878 2292 2955; x_wconf 86' lang='lat' dir='ltr'><strong>quod</strong></span> 
     </span>
    </p>
   </div>
   <div class='ocr_carea' id='block_1_11' title="bbox 148 2957 2288 3041">
    <p class='ocr_par' dir='ltr' id='par_1_13' title="bbox 148 2957 2288 3041">
     <span class='ocr_line' id='line_1_35' title="bbox 148 2957 2288 3041; baseline 0 -20"><span class='ocrx_word' id='word_1_297' title='bbox 148 2960 343 3021; x_wconf 90' lang='lat' dir='ltr'><strong>Sullae</strong></span> <span class='ocrx_word' id='word_1_298' title='bbox 374 2961 767 3022; x_wconf 88' lang='lat' dir='ltr'><strong>dominatione</strong></span> <span class='ocrx_word' id='word_1_299' title='bbox 796 2977 968 3037; x_wconf 86' lang='lat' dir='ltr'><strong>agros</strong></span> <span class='ocrx_word' id='word_1_300' title='bbox 1003 2957 1278 3039; x_wconf 88' lang='lat' dir='ltr'><strong>bonaque</strong></span> <span class='ocrx_word' id='word_1_301' title='bbox 1315 2958 1505 3019; x_wconf 89' lang='lat' dir='ltr'><strong>omnia</strong></span> <span class='ocrx_word' id='word_1_302' title='bbox 1556 2958 1845 3034; x_wconf 88' lang='lat' dir='ltr'><strong>amiserat,</strong></span> <span class='ocrx_word' id='word_1_303' title='bbox 1893 2961 2288 3059; x_wconf 80' lang='lat' dir='ltr'><strong>praetereala-</strong></span> 
     </span>
    </p>
   </div>
   <div class='ocr_carea' id='block_1_12' title="bbox 61 3031 2290 3321">
    <p class='ocr_par' dir='ltr' id='par_1_14' title="bbox 61 3031 2290 3321">
     <span class='ocr_line' id='line_1_36' title="bbox 61 3031 2290 3133; baseline 0.001 -29"><span class='ocrx_word' id='word_1_304' title='bbox 61 3045 69 3080; x_wconf 93' lang='lat'><strong>&#39;·</strong></span> <span class='ocrx_word' id='word_1_305' title='bbox 147 3054 345 3106; x_wconf 70' lang='lat' dir='ltr'><strong>tronea</strong></span> <span class='ocrx_word' id='word_1_306' title='bbox 383 3047 665 3127; x_wconf 89' lang='lat' dir='ltr'><strong>cuiusque</strong></span> <span class='ocrx_word' id='word_1_307' title='bbox 701 3044 935 3125; x_wconf 78' lang='lat' dir='ltr'><strong>generis</strong></span> <span class='ocrx_word' id='word_1_308' title='bbox 970 3062 1216 3125; x_wconf 88' lang='lat' dir='ltr'><strong>quorum</strong></span> <span class='ocrx_word' id='word_1_309' title='bbox 1249 3046 1310 3107; x_wconf 88' lang='lat' dir='ltr'><strong>in</strong></span> <span class='ocrx_word' id='word_1_310' title='bbox 1347 3061 1412 3105; x_wconf 90' lang='lat' dir='ltr'><strong>ea</strong></span> <span class='ocrx_word' id='word_1_311' title='bbox 1446 3031 1687 3123; x_wconf 83' lang='lat' dir='ltr'><strong>regione</strong></span> <span class='ocrx_word' id='word_1_312' title='bbox 1717 3062 1926 3133; x_wconf 78' lang='lat' dir='ltr'><strong>magna</strong></span> <span class='ocrx_word' id='word_1_313' title='bbox 1963 3046 2123 3125; x_wconf 83' lang='lat' dir='ltr'><strong>copia</strong></span> <span class='ocrx_word' id='word_1_314' title='bbox 2151 3056 2290 3123; x_wconf 80' lang='lat' dir='ltr'><strong>erat,</strong></span> 
     </span>
     <span class='ocr_line' id='line_1_37' title="bbox 69 3129 2282 3212; baseline 0.001 -21"><span class='ocrx_word' id='word_1_315' title='bbox 69 3194 71 3207; x_wconf 67' lang='grc'>,</span> <span class='ocrx_word' id='word_1_316' title='bbox 146 3129 463 3193; x_wconf 80' lang='lat' dir='ltr'><strong>nonnullos</strong></span> <span class='ocrx_word' id='word_1_317' title='bbox 514 3150 583 3193; x_wconf 88' lang='lat' dir='ltr'><strong>ex</strong></span> <span class='ocrx_word' id='word_1_318' title='bbox 629 3132 882 3195; x_wconf 85' lang='lat' dir='ltr'><strong>Sullanis</strong></span> <span class='ocrx_word' id='word_1_319' title='bbox 928 3132 1152 3195; x_wconf 88' lang='lat' dir='ltr'><strong>colonis</strong></span> <span class='ocrx_word' id='word_1_320' title='bbox 1213 3130 1422 3210; x_wconf 86' lang='lat' dir='ltr'><strong>quibus</strong></span> <span class='ocrx_word' id='word_1_321' title='bbox 1475 3129 1675 3192; x_wconf 87' lang='lat' dir='ltr'><strong>lubido</strong></span> <span class='ocrx_word' id='word_1_322' title='bbox 1725 3140 1897 3212; x_wconf 87' lang='lat' dir='ltr'><strong>atque</strong></span> <span class='ocrx_word' id='word_1_323' title='bbox 1947 3130 2162 3193; x_wconf 85' lang='lat' dir='ltr'><strong>luxuria</strong></span> <span class='ocrx_word' id='word_1_324' title='bbox 2214 3150 2282 3195; x_wconf 85' lang='lat' dir='ltr'><strong>ex</strong></span> 
     </span>
     <span class='ocr_line' id='line_1_38' title="bbox 69 3218 1371 3321; baseline 0.002 -44"><span class='ocrx_word' id='word_1_325' title='bbox 69 3251 75 3321; x_wconf 72' lang='lat'><strong>&#39;2</strong></span> <span class='ocrx_word' id='word_1_326' title='bbox 147 3218 373 3296; x_wconf 85' lang='lat' dir='ltr'><strong>magnis</strong></span> <span class='ocrx_word' id='word_1_327' title='bbox 413 3218 631 3296; x_wconf 88' lang='lat' dir='ltr'><strong>rapinis</strong></span> <span class='ocrx_word' id='word_1_328' title='bbox 668 3218 811 3281; x_wconf 89' lang='lat' dir='ltr'><strong>nihil</strong></span> <span class='ocrx_word' id='word_1_329' title='bbox 852 3218 1059 3297; x_wconf 87' lang='lat' dir='ltr'><strong>reliqui</strong></span> <span class='ocrx_word' id='word_1_330' title='bbox 1094 3220 1371 3279; x_wconf 86' lang='lat' dir='ltr'><strong>fecerant.</strong></span> 
     </span>
    </p>
   </div>
   <div class='ocr_carea' id='block_1_13' title="bbox 148 3272 2278 3482">
    <p class='ocr_par' dir='ltr' id='par_1_15' title="bbox 148 3272 2278 3470">
     <span class='ocr_line' id='line_1_39' title="bbox 276 3272 2278 3401; baseline -0 -36"><span class='ocrx_word' id='word_1_331' title='bbox 276 3303 437 3381; x_wconf 90' lang='lat' dir='ltr'><strong>Cap.</strong></span> <span class='ocrx_word' id='word_1_332' title='bbox 457 3300 660 3364; x_wconf 82' lang='lat' dir='ltr'><strong>XXIX.</strong></span> <span class='ocrx_word' id='word_1_333' title='bbox 722 3302 803 3365; x_wconf 80' lang='lat' dir='ltr'><strong>Ea</strong></span> <span class='ocrx_word' id='word_1_334' title='bbox 852 3321 1031 3384; x_wconf 91' lang='lat' dir='ltr'><strong>quum</strong></span> <span class='ocrx_word' id='word_1_335' title='bbox 1065 3302 1329 3367; x_wconf 87' lang='lat' dir='ltr'><strong>Ciceroni</strong></span> <span class='ocrx_word' id='word_1_336' title='bbox 1373 3272 1828 3393; x_wconf 75' lang='lat' dir='ltr'><strong>nunciarentur3</strong></span> <span class='ocrx_word' id='word_1_337' title='bbox 1856 3287 2110 3401; x_wconf 74' lang='lat' dir='ltr'><strong>ancipiti</strong></span> <span class='ocrx_word' id='word_1_338' title='bbox 2117 3302 2278 3365; x_wconf 88' lang='lat' dir='ltr'><strong>malo</strong></span> 
     </span>
     <span class='ocr_line' id='line_1_40' title="bbox 148 3380 2276 3482; baseline 0 -34"><span class='ocrx_word' id='word_1_339' title='bbox 148 3397 471 3468; x_wconf 88' lang='lat' dir='ltr'><strong>permotus,</strong></span> <span class='ocrx_word' id='word_1_340' title='bbox 510 3389 665 3467; x_wconf 86' lang='lat' dir='ltr'><strong>quod</strong></span> <span class='ocrx_word' id='word_1_341' title='bbox 699 3408 889 3470; x_wconf 89' lang='lat' dir='ltr'><strong>neque</strong></span> <span class='ocrx_word' id='word_1_342' title='bbox 928 3388 1135 3453; x_wconf 87' lang='lat' dir='ltr'><strong>urbem</strong></span> <span class='ocrx_word' id='word_1_343' title='bbox 1172 3389 1245 3451; x_wconf 86' lang='lat' dir='ltr'><strong>ab</strong></span> <span class='ocrx_word' id='word_1_344' title='bbox 1273 3386 1504 3454; x_wconf 82' lang='lat' dir='ltr'><strong>insidiis</strong></span> <span class='ocrx_word' id='word_1_345' title='bbox 1513 3380 1757 3482; x_wconf 80' lang='lat' dir='ltr'><strong>privato</strong></span> <span class='ocrx_word' id='word_1_346' title='bbox 1791 3386 2037 3450; x_wconf 87' lang='lat' dir='ltr'><strong>consilio</strong></span> <span class='ocrx_word' id='word_1_347' title='bbox 2064 3386 2276 3473; x_wconf 80' lang='lat' dir='ltr'><strong>longius</strong></span> 
     </span>
    </p>
   </div>
   <div class='ocr_carea' id='block_1_14' title="bbox 79 3458 2274 3647">
    <p class='ocr_par' dir='ltr' id='par_1_16' title="bbox 79 3458 2272 3647">
     <span class='ocr_line' id='line_1_41' title="bbox 79 3458 2272 3572; baseline 0.001 -40"><span class='ocrx_word' id='word_1_348' title='bbox 79 3476 81 3488; x_wconf 80' lang='grc'><strong>’</strong></span> <span class='ocrx_word' id='word_1_349' title='bbox 149 3476 297 3535; x_wconf 78' lang='lat' dir='ltr'><strong>tueri</strong></span> <span class='ocrx_word' id='word_1_350' title='bbox 324 3481 551 3554; x_wconf 88' lang='lat' dir='ltr'><strong>poterat</strong></span> <span class='ocrx_word' id='word_1_351' title='bbox 574 3492 783 3555; x_wconf 88' lang='lat' dir='ltr'><strong>neque,</strong></span> <span class='ocrx_word' id='word_1_352' title='bbox 804 3478 1085 3543; x_wconf 85' lang='lat' dir='ltr'><strong>exercitus</strong></span> <span class='ocrx_word' id='word_1_353' title='bbox 1102 3473 1301 3539; x_wconf 76' lang='lat' dir='ltr'><strong>Manlii</strong></span> <span class='ocrx_word' id='word_1_354' title='bbox 1324 3458 1574 3572; x_wconf 80' lang='lat' dir='ltr'><strong>quantus</strong></span> <span class='ocrx_word' id='word_1_355' title='bbox 1597 3473 1696 3537; x_wconf 80' lang='lat' dir='ltr'><strong>au&#39;t</strong></span> <span class='ocrx_word' id='word_1_356' title='bbox 1721 3472 1837 3556; x_wconf 83' lang='lat' dir='ltr'><strong>q&#39;uo</strong></span> <span class='ocrx_word' id='word_1_357' title='bbox 1865 3466 2108 3537; x_wconf 84' lang='lat' dir='ltr'><strong>consilio</strong></span> <span class='ocrx_word' id='word_1_358' title='bbox 2123 3475 2272 3549; x_wconf 79' lang='lat' dir='ltr'><strong>foret,</strong></span> 
     </span>
     <span class='ocr_line' id='line_1_42' title="bbox 81 3558 2274 3647; baseline 0 -28"><span class='ocrx_word' id='word_1_359' title='bbox 81 3573 87 3647; x_wconf 58' lang='grc' dir='ltr'><strong>ι</strong></span> <span class='ocrx_word' id='word_1_360' title='bbox 152 3560 289 3620; x_wconf 81' lang='lat' dir='ltr'><strong>satis</strong></span> <span class='ocrx_word' id='word_1_361' title='bbox 328 3569 688 3642; x_wconf 77' lang='lat' dir='ltr'><strong>compertum</strong></span> <span class='ocrx_word' id='word_1_362' title='bbox 722 3561 987 3636; x_wconf 84' lang='lat' dir='ltr'><strong>habebat,</strong></span> <span class='ocrx_word' id='word_1_363' title='bbox 1018 3582 1145 3625; x_wconf 89' lang='lat' dir='ltr'><strong>rem</strong></span> <span class='ocrx_word' id='word_1_364' title='bbox 1188 3562 1261 3627; x_wconf 89' lang='lat' dir='ltr'><strong>ad</strong></span> <span class='ocrx_word' id='word_1_365' title='bbox 1303 3564 1564 3627; x_wconf 77' lang='lat' dir='ltr'><strong>senatum</strong></span> <span class='ocrx_word' id='word_1_366' title='bbox 1603 3561 1824 3625; x_wconf 79' lang='lat' dir='ltr'><strong>refert</strong></span> <span class='ocrx_word' id='word_1_367' title='bbox 1808 3580 1923 3624; x_wconf 80' lang='lat' dir='ltr'><strong>iam</strong></span> <span class='ocrx_word' id='word_1_368' title='bbox 1950 3566 2112 3621; x_wconf 84' lang='lat' dir='ltr'><strong>antea</strong></span> <span class='ocrx_word' id='word_1_369' title='bbox 2139 3558 2274 3640; x_wconf 73' lang='lat' dir='ltr'><strong>&#39;volgi</strong></span> 
     </span>
    </p>
   </div>
   <div class='ocr_carea' id='block_1_15' title="bbox 2374 1989 2375 2575">
    <p class='ocr_par' dir='ltr' id='par_1_17' title="bbox 2374 1989 2375 2575">
     <span class='ocr_line' id='line_1_43' title="bbox 2374 1989 2375 2575; baseline 0 0"><span class='ocrx_word' id='word_1_370' title='bbox 2374 1989 2375 2575; x_wconf 95' lang='lat' dir='ltr'><strong> </strong></span> 
     </span>
    </p>
   </div>
  </div>
 </body>
</html>
