2400 3900
630 129 881 192 ,Bm
925 123 1290 219 monum.
1336 127 1701 191 eos-97.
1783 209 1792 214 κ
2187 131 2270 194 ao
2350 165 2361 172 -

104 269 179 315 ac
200 250 519 330 plerosque
542 251 950 312 tantammodo
972 248 1258 322 sauciare,
1289 247 1424 309 dein
1451 265 1632 328 super
1652 249 1988 314 occisorum
2015 267 2270 332 corpora

101 338 349 409 vadere,
391 335 545 399 avidi
578 336 792 416 gloriae
816 344 1383 398 certantesmurum
1412 342 1641 413 petere,
1685 353 1882 416 neque
1914 351 2266 418 quemquam

102 422 371 486 omnium
394 423 609 520 praeda
636 423 871 486 morari.
913 422 1017 483 Sic
1038 423 1189 485 forte
1213 419 1657 482 correcta-Mani
1684 424 2002 505 temeritas,
2026 425 2270 504 gloriam

102 527 183 572 ex
206 510 375 588 culpa
401 509 641 572 invenit.

232 595 392 674 Cap.
424 595 591 659 XCV.
652 595 923 657 Ceterum
953 593 1099 654 dum
1134 609 1222 652 ea
1237 609 1338 653 res
1380 591 1632 670 geritur,
1677 591 1746 654 L.
1783 592 1940 654 Sulla
1976 593 2271 694 Quaestor

102 699 240 744 cum
273 699 487 758 magno
524 680 787 760 equitatu
816 679 878 740 in
912 685 1105 740 castra
1134 677 1313 754 venit,
1345 697 1496 776 quos
1529 677 1616 740 uti
1647 695 1717 738 ex
1745 678 1912 739 Latio
1941 687 1999 739 et
2031 699 2065 740 a
2090 682 2267 743 sociis

102 775 359 846 cogeret,
378 769 605 828 Romae
618 765 859 828 relictus
882 774 1022 827 erat.
1061 765 1181 826 Sed
1206 764 1486 843 quoniam
1511 781 1626 826 nos
1643 764 1790 826 tanti
1811 764 1919 826 viri
1939 783 2038 826 res
2063 769 2270 828 admo-

96 853 251 926 nuit,
282 853 564 914 idoneum
605 852 789 914 visum
826 859 934 924 est,
970 851 1053 924 de
1086 860 1293 914 natura
1331 853 1612 931 miltuque
1647 850 1772 912 eius
1807 851 2013 933 paucis
2041 851 2271 931 dicere3

96 956 299 1017 neque
324 940 485 998 enim
506 937 619 998 alio
650 939 785 999 loco
808 939 883 999 de
908 938 1105 1000 Sullae
1130 937 1314 1000 rebus
1349 937 1560 1000 dicturi
1585 955 1810 1011 sumuS,
1849 943 1908 998 et
1928 936 1997 997 L.
2019 936 2272 1000 Sisenna

99 1035 347 1102 optume
378 1030 436 1086 et
460 1024 921 1103 diligentissume
952 1024 1234 1098 omnium,
1259 1026 1361 1102 qui
1396 1041 1498 1084 eas
1519 1041 1622 1084 res
1647 1023 1868 1095 dixere,
1900 1031 2272 1102 persecutus,

97 1127 317 1189 parum
344 1111 488 1171 mihi
508 1111 697 1172 libero
728 1129 829 1173 ore
852 1111 1081 1172 locutus
1105 1109 1357 1170 videtur.
1401 1109 1582 1189 Igitur
1596 1109 1755 1172 Sulla
1781 1109 1970 1188 gentis
1994 1109 2274 1189 patriciae

96 1195 315 1258 nobilis
352 1197 487 1271 fuit,
528 1197 741 1258 familia
781 1215 971 1276 prope
1001 1197 1119 1258 iam
1154 1196 1438 1256 exstincta
1469 1196 1754 1257 maiorum
1795 1196 2049 1275 ignavia,
2089 1195 2274 1258 literis

102 1281 345 1343 Graecis
386 1293 567 1362 atque
602 1281 821 1350 Latinis
859 1285 1019 1344 iuxta
1057 1281 1420 1343 doctissume
1462 1281 1754 1356 eruditus,
1798 1283 1996 1344 animo
2031 1282 2274 1360 ingenti,

106 1369 361 1448 cupidus
410 1368 801 1448 voluptatum,
846 1369 952 1428 sed
990 1367 1210 1447 gloriae
1259 1367 1558 1448 cupidior3
1613 1368 1730 1428 otio
1769 1367 2077 1436 luxuriotso
2123 1386 2275 1444 esse,
2320 1415 2346 1432 ι

61 1502 73 1515 .
99 1465 303 1516 tamen
328 1453 403 1514 ab
429 1454 681 1532 negotiis
706 1471 1023 1534 numquam
1049 1453 1320 1534 voluptas
1346 1462 1656 1528 remorata,
1681 1454 1794 1515 nisi
1813 1455 1972 1553 quod
1991 1455 2068 1516 de
2089 1471 2279 1516 uxore

102 1540 299 1622 potuit
324 1541 637 1605 honestius
672 1541 927 1615 consuli3
967 1541 1272 1614 facundus,
1309 1541 1558 1602 callidus
1585 1551 1644 1602 et
1669 1541 1915 1602 amicitia
1949 1541 2162 1618 sacili33
2202 1541 2280 1602 ad

100 1616 523 1698 dissimulanda
556 1627 793 1706 negotia
814 1626 1056 1688 altitudo
1080 1625 1299 1704 ingenii
1326 1626 1717 1699 incredibilis3
1744 1628 2056 1688 multarum
2076 1645 2280 1689 rerum
2389 1643 2391 1646 ⁴

102 1731 175 1774 ac
208 1732 477 1774 maxume
508 1714 797 1792 pecuniae
833 1711 1090 1790 largitor.
1126 1717 1318 1790 Atque
1349 1711 1429 1773 illi
1457 1712 1813 1772 felicissumo
1852 1714 2113 1774 omnium
2143 1720 2278 1774 ante

102 1798 333 1860 civilem
370 1799 697 1872 victoriam,
736 1808 1057 1877 numquam
1095 1815 1277 1878 super
1305 1797 1648 1860 industriam
1685 1798 1919 1858 fortuna
1951 1799 2086 1873 fuit,
2123 1797 2279 1860 mul-

100 1885 265 1963 tique
290 1884 650 1960 dubitavere,
676 1885 885 1946 fortior
908 1901 983 1944 an
1012 1884 1238 1946 felicior
1256 1889 1442 1958 esset,
1482 1903 1614 1944 nam
1642 1891 1849 1965 postea
1876 1903 2026 1966 quae
2049 1883 2274 1959 fecerit,

99 1972 399 2033 incertum
422 1972 635 2045 habeo,
660 1972 880 2051 pudeat
898 1971 1084 2051 magis
1111 1990 1186 2032 an
1211 1972 1408 2053 pigeat
1437 1971 1748 2047 disserere.

116 2104 124 2113 .
236 2057 395 2135 Cap.
423 2057 615 2118 XCVI.
687 2057 868 2136 Igitur
908 2058 1085 2130 Sulla,
1124 2058 1208 2120 uti
1245 2075 1422 2137 supra
1459 2058 1680 2119 dictum
1709 2065 1818 2131 est,
1855 2065 2170 2137 postquam
2216 2055 2280 2117 in

98 2142 359 2203 Africam
394 2151 571 2223 atque
602 2144 661 2205 in
696 2153 889 2205 castra
930 2144 1095 2205 Marii
1130 2161 1266 2205 eum
1297 2144 1559 2223 equitatu
1595 2140 1781 2217 venit,
1815 2142 1978 2203 rudis
2018 2151 2189 2204 antea
2219 2149 2281 2204 et
2390 2210 2393 2214 ,

100 2229 345 2307 ignarus
378 2229 536 2301 belli,
577 2228 1043 2292 sollertissumus
1076 2230 1341 2291 omnium
1375 2233 1580 2310 paucis
1609 2227 2053 2309 tempestatibus
2089 2228 2280 2287 factus

105 2322 217 2375 est.
260 2316 351 2375 Ad
377 2316 495 2375 hoc
522 2315 732 2377 milites
766 2314 1019 2393 benigne
1042 2316 1358 2395 appellare,
1388 2316 1585 2377 multis
1610 2313 1970 2392 rogantihuS,
1999 2313 2123 2374 aliis
2149 2313 2282 2393 [per

104 2400 195 2477 se]
221 2399 351 2477 ipse
372 2402 515 2461 dare
547 2400 850 2474 beneficia,
884 2400 1097 2462 invitus
1122 2401 1407 2481 accipere,
1435 2402 1541 2464 sed
1566 2420 1631 2461 ea
1657 2399 2074 2480 properantius
2101 2411 2279 2477 quam

102 2504 211 2545 aes
235 2494 502 2547 mutuum
527 2486 808 2559 redderet,
846 2487 973 2566 ipse
1000 2487 1075 2547 ab
1102 2488 1266 2547 nullo
1291 2494 1576 2566 repetere,
1599 2485 1784 2565 magis
1808 2486 1868 2546 id
1899 2486 2184 2559 laborare,
2213 2490 2282 2546 ut

96 2570 185 2632 illi
214 2590 387 2649 quam
420 2572 656 2652 plurimi
682 2572 997 2646 deberent3
1023 2573 1152 2633 ioca
1171 2580 1346 2652 atque
1372 2574 1678 2635 serianum
1704 2572 2062 2635 humillumis
2085 2588 2279 2650 agere,

71 2658 164 2719 -in
194 2658 494 2735 operibus,
524 2659 585 2720 in
618 2659 851 2739 agmine
878 2667 1051 2738 atque
1078 2660 1150 2719 ad
1178 2659 1398 2739 vigilias
1428 2662 1648 2721 multus
1683 2660 1928 2733 adesse3
1967 2675 2160 2736 neque
2185 2657 2279 2717 in-

99 2742 308 2816 terim,
356 2746 517 2823 quod
560 2764 741 2825 prava
788 2744 1031 2807 ambitio
1083 2743 1264 2820 solet,
1305 2746 1572 2808 Consulis
1615 2755 1718 2808 aut
1763 2746 2103 2823 cuiusquam
2135 2742 2278 2803 boni

97 2830 319 2891 famam
357 2830 609 2905 laedere,
643 2832 1055 2893 tantummodo
1087 2840 1284 2912 neque
1321 2833 1562 2895 consilio
1597 2850 1790 2911 neque
1820 2848 1995 2890 manu
2023 2829 2280 2907 priorem

98 2913 283 2975 alium
305 2916 441 2993 pati,
466 2917 784 2999 plerosque
802 2917 1160 2979 antevenire.
1207 2918 1351 2991 Quis
1372 2919 1552 2980 rebus
1581 2925 1638 2977 et
1664 2915 1886 2993 artibus
1907 2915 2066 2975 brevi
2093 2912 2278 2975 Mario

96 2999 509 3079 militibusque
536 3004 900 3066 carissumus
927 3005 1135 3066 factus.

226 3086 386 3165 Cap.
406 3086 625 3151 xcvn.
662 3092 735 3151 At
760 3091 1058 3169 Iugurtha,
1086 3096 1405 3170 postquam
1430 3088 1714 3171 oppidum
1735 3086 1983 3167 Capsam
2016 3086 2278 3165 aliosque

96 3173 278 3235 locos
311 3173 572 3235 munitos
608 3180 665 3235 et
704 3175 817 3236 sibi
852 3177 1024 3237 utiles
1062 3176 1236 3238 simul
1274 3182 1332 3236 et
1357 3193 1628 3274 magnam
1655 3173 1963 3255 pecuniam
1985 3174 2278 3242 amiserat,

97 3258 181 3319 ad
217 3256 520 3321 Bocchum
562 3260 811 3322 nuncios
848 3263 1049 3337 mittit,
1099 3280 1272 3341 quam
1311 3262 1565 3343 primum
1611 3261 1674 3322 in
1707 3259 2038 3321 Numidiam
2079 3244 2279 3336 copias

98 3344 457 3421 adduceret,
508 3346 710 3427 praelii
760 3347 1017 3408 faciundi
1056 3355 1293 3427 tempus
1349 3350 1578 3409 adesse.
1626 3347 1816 3419 Quem
1870 3346 1971 3408 ubi
2017 3344 2276 3410 cunctari

96 3431 335 3511 accepit
367 3442 430 3495 et
464 3434 705 3497 dubium
754 3432 892 3494 belli
922 3442 1096 3512 atque
1127 3435 1290 3513 pacis
1328 3435 1586 3496 rationes
1622 3433 1885 3505 trahere,
1924 3448 2158 3501 rursuS,
2197 3430 2278 3489 uti

98 3523 309 3591 antea,
350 3534 700 3597 proxumos.
710 3519 835 3583 eius
870 3518 1045 3581 donis
1080 3520 1428 3599 corrumpit,
1468 3521 1700 3601 ipsique
1733 3518 1936 3580 Mauro
1967 3514 2281 3595 pollicetur

98 3600 417 3669 Numidiae
432 3614 661 3686 partem
682 3606 933 3683 tertiam,
961 3604 1014 3668 si
1039 3610 1141 3667 aut
1154 3605 1408 3669 Romani
1425 3607 1619 3670 Africa
1643 3604 1888 3687 expulsi,
1915 3610 2014 3665 aut
2037 3602 2280 3683 integris
