2400 3900
595 67 808 160 nant.
849 95 1207 158 menam.
1250 113 1305 155 ο.
1336 94 1707 160 101—103.
2135 97 2217 162 so
2322 176 2327 185 ¹

43 221 451 290 concessum,
473 203 660 294 pauca
683 215 857 276 verba
879 213 1285 276 huiuscemodi
1307 213 1565 275 locutus:
1609 215 1735 276 Rex
1746 208 1998 288 Bocche,
2014 216 2229 296 m'agna

39 297 254 359 nobis
287 298 500 360 laetitia
528 308 632 376 est,
671 319 846 380 quum
881 307 940 358 te
969 299 1142 360 talem
1167 297 1353 360 virum
1388 297 1447 358 di
1471 316 1769 373 monuere,
1807 299 1886 361 uti
1914 299 2225 380 aliquando

41 401 284 464 pacem
306 375 477 463 quam
500 384 718 447 bellum
735 385 958 456 malleS,
979 401 1095 444 neu
1114 393 1169 444 te
1191 391 1497 462 optumum
1516 399 1946 462 cumpessumo
1964 387 2229 450 omnium

41 467 361 546 Iugurtha
394 471 697 532 miscendo
729 467 1207 542 commaculares,
1243 467 1417 528 simul
1446 466 1618 528 nobis
1654 468 1920 530 demeres
1952 474 2229 534 acerbam

45 554 604 629 necessitudinem,
639 556 857 636 pariter
885 560 944 614 te
979 562 1269 614 errantem
1296 561 1471 633 atque
1501 547 1664 614 illum
1696 553 2229 622 sceleratissumum

43 640 374 721 persequi.
430 640 519 701 Ad
558 641 675 702 hoc
707 640 928 720 populo
967 637 1236 703 Romano
1272 632 1389 714 iam
1428 656 1461 696 a
1498 636 1786 718 principio
1824 638 1987 718 inopi
2019 644 2231 706 melius

47 725 270 786 visum
305 725 527 785 amicos
571 739 743 804 quam
793 741 994 786 servos
1033 740 1341 802 quaerere,
1382 723 1679 800 tutiusque
1718 721 1855 797 rati,
1896 725 2229 791 volentibus

47 827 253 888 quam
311 809 526 870 coactis
577 809 930 889 imperitare.
993 808 1126 868 Tibi
1165 827 1302 872 vero
1347 807 1500 873 nulla
1551 808 1939 890 opportunior
1978 811 2229 874 amicitia

45 904 312 968 nostra3
342 893 615 972 primum,
643 896 800 974 quod
826 895 1028 975 procul
1049 893 1347 967 absumus,
1372 894 1434 954 in
1462 912 1577 973 quo
1604 895 1859 978 offensae
1877 893 2229 971 minumum,

49 979 263 1058 gratia
301 997 409 1057 par
447 997 515 1040 ac
552 979 602 1040 si
639 997 824 1060 prope
867 980 1243 1054 adessemus3
1294 979 1427 1040 dein
1478 978 1634 1060 quod
1687 985 1956 1060 parentes
1994 980 2231 1042 abunde

45 1065 396 1137 habemus,
445 1064 762 1125 amicorum
805 1083 999 1143 neque
1033 1065 1205 1126 nobis
1244 1081 1436 1142 neque
1467 1063 1733 1144 cuiquam
1785 1064 2049 1126 omnium
2086 1065 2235 1128 satis

51 1149 204 1210 fuit.
253 1150 443 1226 Atque
476 1149 590 1216 hoc
613 1150 830 1210 utinam
866 1168 898 1208 a
927 1148 1215 1230 principio
1242 1148 1346 1208 tibi
1368 1148 1706 1228 placuisset!
1738 1151 2002 1229 profecto
2029 1169 2100 1211 ex
2121 1169 2233 1230 po-

51 1235 219 1314 pulo
247 1233 512 1296 Romano
553 1235 629 1295 ad
655 1235 772 1295 hoc
807 1243 1036 1313 tempus
1069 1234 1249 1294 multo
1280 1234 1447 1312 plura
1480 1231 1638 1295 bona
1670 1236 2018 1315 accepisseS,
2054 1253 2235 1315 quam

55 1319 230 1378 mala
273 1337 597 1399 perpessus
636 1337 818 1380 esses.
879 1317 996 1380 Sed
1029 1317 1301 1397 quoniam
1334 1320 1720 1380 humanarum
1760 1338 1955 1384 rerum
1997 1322 2233 1382 fortuna

57 1404 359 1482 pleraque
386 1403 550 1482 regit,
587 1405 680 1466 cui
715 1403 933 1464 scilicet
955 1404 1249 1483 placuisse
1273 1413 1329 1464 et
1366 1400 1497 1477 vim,
1535 1413 1593 1464 et
1624 1405 1863 1483 gratiam
1891 1415 2155 1467 nostram
2172 1415 2238 1473 te

63 1488 353 1568 experiri,
392 1507 566 1562 nunc,
605 1489 834 1568 quando
875 1509 983 1570 per
1005 1483 1161 1550 illam
1194 1487 1347 1563 licet,
1380 1489 1587 1550 festina
1627 1500 1817 1569 atque,
1852 1490 1937 1553 uti
1968 1491 2237 1570 coepisti,

61 1591 281 1653 perge.
335 1573 512 1634 Multa
541 1579 715 1654 atque
750 1583 1081 1654 opportuna
1118 1573 1333 1646 habes,
1374 1591 1489 1652 quo
1528 1573 1755 1634 facilius
1799 1585 1986 1637 errata
2023 1576 2235 1638 officiis

63 1677 348 1738 supereS.
391 1659 697 1721 Postremo
719 1659 916 1722 hoc'in
937 1669 1142 1739 pectus
1162 1668 1325 1718 tuum
1345 1653 1585 1730 dimitte,
1614 1675 1928 1738 numquam
1952 1662 2237 1742 populum

67 1743 412 1805 Romanum
436 1743 736 1805 beneficiis
768 1743 980 1804 victum
1007 1761 1170 1818 esse;
1199 1761 1332 1803 nam
1358 1743 1512 1802 bello
1546 1742 1683 1821 quid
1712 1744 1915 1815 valeat,
1955 1751 2073 1804 tute
2098 1746 2235 1808 scis·

65 1829 166 1889 Ad
215 1847 283 1888 ea
316 1829 584 1889 Bocchus
617 1827 844 1908 placide
882 1835 938 1888 et
977 1829 1257 1906 benigne,
1298 1827 1473 1889 simul
1506 1845 1689 1909 pauca
1720 1846 1827 1907 pro
1867 1827 2079 1892 delicto
2124 1848 2237 1892 suo

71 1913 263 1975 verba
289 1913 448 1975 facit:
497 1914 573 1975 Se
597 1932 716 1974 non
743 1912 936 1977 hostili
964 1913 1177 1988 animo,
1216 1912 1321 1974 sed
1358 1913 1432 1975 ob
1458 1931 1713 1995 regnum
1734 1913 2041 1992 tutandum
2073 1933 2239 1977 arma

71 2000 347 2081 cepisse3
382 2018 520 2061 nam
543 1998 848 2061 Numidiae
869 2008 1110 2079 partem,
1142 1999 1297 2061 unde
1324 1999 1380 2059 vi
1402 1999 1737 2079 Iugurtham
1766 2000 2079 2079 expulerat,
2105 2002 2237 2063 iure

71 2084 223 2145 belli
245 2104 412 2145 suam
435 2086 665 2158 factam,
693 2103 818 2147 eam
843 2084 1055 2147 vastari
1077 2084 1149 2144 ab
1173 2084 1356 2145 Mario
1380 2084 1503 2163 pati
1526 2084 1891 2163 nequivisse;
1916 2093 2237 2165 praeterea,

72 2170 283 2231 missis
307 2179 474 2231 antea
499 2170 742 2231 Romam
767 2170 991 2249 legatiS,
1015 2169 1314 2248 repulsum
1343 2170 1414 2229 ab
1441 2168 1709 2231 amicitia.
1750 2171 2018 2233 Ceterum
2044 2178 2237 2231 vetera

77 2253 372 2329 omittere,
403 2273 473 2315 ac
503 2265 649 2328 tum,
682 2256 733 2315 si
764 2274 873 2334 per
891 2255 1130 2315 Marium
1163 2254 1383 2328 liceret,
1419 2255 1642 2333 legatos
1675 2254 1747 2339 ad
1776 2254 2057 2315 Senatum
2092 2253 2237 2318 mis-

44 2358 314 2413 «surum.
358 2339 522 2411 Dein,
555 2338 722 2417 copia
758 2341 932 2412 facta,
969 2340 1194 2401 animus
1232 2338 1462 2399 barbari
1492 2338 1565 2401 ab
1604 2338 1801 2401 amicis
1830 2341 2045 2416 flexus,
2084 2358 2239 2419 quos

73 2423 378 2503 Iugurtha,
405 2423 636 2502 cognita
653 2424 939 2501 legatione
965 2424 1155 2485 Sullae
1182 2431 1240 2484 et
1254 2422 1467 2499 Manlii,
1484 2430 1750 2486 metuens
1776 2422 1855 2499 id,
1883 2424 2038 2503 quod
2055 2442 2235 2504 para-

74 2511 274 2581 batur,
303 2507 471 2569 donis
497 2519 856 2587 corruperat.
1344 2502 1353 2511 ”
1382 2503 1387 2509 ’
2048 2558 2089 2571 .,

215 2594 302 2657 Ca
315 2614 373 2675 p.
397 2594 542 2655 Clll.
587 2594 802 2655 Marius
826 2595 1064 2666 interea,
1091 2593 1345 2656 exercitu
1372 2593 1434 2654 in
1460 2592 1853 2666 hibernaculis
1888 2596 2237 2676 composito,

83 2698 218 2742 cum
269 2678 553 2759 expeditis
593 2678 932 2741 cohortibus
963 2686 1022 2739 et
1057 2684 1223 2758 parte
1262 2678 1976 2761 equitatus.proficiscitur
2006 2680 2068 2741 in
2108 2680 2241 2742 loca
2307 2724 2319 2731 -

82 2766 230 2838 sola,
263 2764 572 2826 obsessum
598 2765 804 2827 turrim
837 2764 1074 2842 regiam,
1103 2783 1219 2844 quo
1246 2765 1523 2843 Iugurtha
1536 2766 1819 2855 perfugas
1849 2764 2039 2828 omnis
2063 2782 2239 2843 prae-

85 2848 298 2911 sidium
323 2850 701 2929 imposuerat.
745 2850 893 2914 Tum
921 2868 1127 2911 rursus
1153 2848 1422 2913 Bocchus
1446 2869 1556 2912 seu
1575 2848 1923 2927 reputando,
1949 2866 2097 2928 quae
2124 2848 2241 2911 sibi

85 2934 318 2995 duobus
339 2934 570 3014 praeliis
589 2938 887 3007 venerarlt,
914 2954 1020 2997 seu
1043 2930 1371 2995 admonitus
1391 2932 1467 2995 ab
1487 2931 1610 2995 aliis
1630 2931 1847 3005 amicis,
1872 2950 2021 3016 quos
2036 2932 2241 2995 incor-

86 3030 292 3099 ruptos
315 3019 591 3097 Iugurtha
623 3021 955 3101 reliquerat,
997 3039 1066 3081 ex
1099 3020 1256 3081 omni
1284 3019 1457 3097 copia,
1484 3016 1949 3085 necessariorum
1978 3018 2241 3097 quinque

91 3100 318 3182 delegit]
351 3123 599 3185 quorum
623 3116 680 3167 et
701 3106 847 3169 fides
878 3104 1124 3183 cognita,
1160 3112 1213 3165 et
1237 3104 1467 3183 ingenia
1493 3102 1861 3164 validissuma
1888 3112 2073 3165 erant.
2118 3104 2237 3165 Eos

93 3192 163 3250 ad
189 3190 447 3263 Marium,
484 3208 554 3250 ac
583 3190 736 3263 dein,
772 3192 821 3254 si
853 3190 1091 3269 placeat,
1115 3190 1361 3252 Romam
1398 3189 1616 3270 legatos
1644 3188 1730 3248 ire
1756 3187 1948 3261 iubet;
1978 3188 2239 3267 agenda-

93 3294 218 3336 rum
253 3294 448 3337 rerum
486 3284 543 3336 et
577 3295 952 3355 quocumque¹
983 3276 1156 3335 modo
1187 3272 1324 3337 belli
1348 3272 1738 3351 componendi
1767 3272 2059 3335 licentiam
2090 3271 2241 3351 ipsis

93 3361 386 3437 permittit.
417 3359 504 3422 Illi
523 3370 744 3423 mature
779 3360 851 3426 ad
884 3359 1125 3421 hiberna
1150 3360 1546 3423 Romanorum
1577 3358 2063 3437 proficiscuntur3
2101 3356 2241 3419 dein

95 3444 156 3504 in
175 3446 374 3507 itinere
409 3464 440 3507 a
471 3446 726 3508 Gaetulis
753 3444 1076 3507 latronibus
1100 3444 1475 3513 circumventi
1509 3442 1853 3523 spoliatique
1888 3441 2082 3524 pavidi
2107 3441 2239 3503 sine

99 3528 303 3591 decore
325 3532 400 3594 ad
428 3530 1036 3616 Sullamlpro'fngiunt,
1059 3549 1233 3609 ,quem
1261 3528 1475 3597 Consul
1504 3529 1567 3593 in
1594 3528 2021 3611 expeditionem
2052 3526 2239 3607 profi-
