2400 3900
616 13 1698 80 BELL.1UGURTH.c.55-59.-
1997 13 2002 23 ·
2133 15 2224 94 qs

54 135 291 216 ingenio
338 135 591 218 quisque
635 155 775 218 pars
819 135 1051 199 eminus
1096 133 1310 214 glande
1353 144 1456 200 aut
1483 135 1780 218 lapidibus
1813 152 2096 216 pugnare,
2127 140 2226 208 alii

54 222 377 282 succedere
404 240 473 283 ac
490 241 729 284 murum
748 224 928 286 modo
952 220 1290 296 subfodere,
1321 223 1502 284 modo
1525 224 1698 286 scalis
1717 221 1976 300 aggredi,
2001 241 2225 304 cupere

53 307 339 388 praelium
374 308 435 370 in
461 310 729 372 manibus
748 311 962 372 facere.
1008 307 1226 384 Contra
1253 326 1321 368 ea
1344 309 1661 388 oppidani‘
1645 329 1710 372 ιιι
1735 328 2060 389 proxumos
2083 329 2226 372 saxa

52 394 315 466 volvere,
350 394 531 458 sudes
548 443 565 470 ,
600 396 717 477 pila
734 443 750 470 ,
800 402 1105 476 praeterea
1136 392 1330 472 picem
1363 395 1646 474 sulphure
1683 403 1744 456 et
1778 395 1951 458 taeda
1983 396 2224 460 mixtim

50 481 351 543 ardentem
374 482 623 544 mittere.
666 482 786 544 Sed
804 501 881 546 ne
898 482 1033 544 illos
1053 478 1314 560 quidem,
1333 480 1434 560 qui
1451 480 1656 560 procul
1673 489 2032 558 manserant,
2049 483 2226 548 timor

50 567 227 628 animi
253 566 397 628 satis
430 569 792 640 muniverat3
832 585 965 632 nam
996 567 1316 646 plerosque
1352 566 1546 631 iacula
1572 567 1882 629 tormentis
1913 577 2016 630 aut
2045 588 2224 634 manu

50 653 264 715 emissa
301 654 685 718 vulnerabant
716 653 965 735 parique
1005 651 1268 733 periculo
1305 653 1414 714 sed
1451 655 1604 716 fama
1631 652 1840 733 impari
1871 653 2014 717 boni
2047 665 2222 736 atque

42 739 236 818 ignavi
261 746 449 802 erant.

174 869 219 930 C
232 885 265 928 a
278 886 337 946 p.
362 865 560 929 Lvffl.
606 866 757 928 Dum
776 869 935 947 apud
956 865 1191 927 Zamam
1209 865 1298 926 sic
1317 871 1592 939 certatur,
1611 863 1890 942 Iugurtha
1909 881 1980 924 ex
1999 864 2222 944 impro-

42 953 174 1014 -viso
221 961 411 1015 castra
456 953 711 1014 hostium
755 971 891 1015 cum
932 969 1143 1031 magna
1185 969 1366 1012 manu
1410 949 1658 1024 invadit,
1693 949 1988 1023 remissis,
2029 951 2127 1030 qui
2159 953 2223 1014 in

44 1039 347 1120 praesidio
390 1050 584 1110 erant,
626 1049 686 1101 et
726 1039 921 1102 omnia
963 1038 1149 1117 magis
1186 1057 1365 1117 quam
1409 1037 1690 1117 praelium
1725 1037 2221 1116 exspectantibus,

44 1134 277 1204 portam
306 1125 599 1207 irrumpit.
626 1128 718 1187 ·At
754 1125 942 1187 nostri
970 1124 1288 1204 repentino
1321 1132 1484 1185 metu
1523 1122 1782 1202 perculsi
1823 1123 1935 1184 sibi
1971 1123 2226 1205 quisque

44 1229 157 1291 pro
194 1212 463 1272 moribus
502 1212 854 1287 consulunt3
892 1209 986 1271 alii
1026 1211 1252 1288 fugere,
1288 1209 1382 1271 alii
1407 1225 1568 1270 arma
1592 1225 1820 1289 capere,
1845 1225 2059 1288 magna
2084 1227 2222 1290 pars

43 1296 329 1359 volnerati
374 1305 479 1358 aut
518 1297 715 1360 occisi.
772 1297 1045 1359 Ceterum
1083 1314 1157 1356 ex
1205 1295 1365 1357 omni
1399 1294 1773 1364 multitudine
1805 1313 1930 1357 non
1969 1295 2223 1376 amplius

42 1383 449 1462 quadraginta,
482 1399 775 1445 memores
812 1382 1069 1444 nominis
1100 1382 1368 1458 Romani,
1403 1399 1577 1464 grege
1612 1382 1768 1443 facto
1795 1382 1991 1444 locum
2012 1399 2224 1464 cepere

42 1471 246 1550 paullo
266 1487 439 1550 quam
459 1470 552 1532 alii
570 1469 897 1542 editiorem,
915 1487 1113 1548 neque
1130 1470 1272 1530 inde
1287 1485 1557 1530 maxuma
1573 1468 1630 1527 vi
1649 1467 1864 1548 depelli
1882 1468 2224 1548 quiverunt3

44 1558 155 1619 sed
178 1558 290 1618 tela
318 1556 550 1618 eminus
578 1556 755 1617 missa
777 1556 1090 1628 remittere,
1118 1555 1290 1634 pauci
1317 1557 1378 1616 in
1403 1553 1672 1633 pluribus
1696 1554 1890 1614 minus
1918 1555 2223 1633 frustrari3

44 1644 140 1704 sin
166 1642 455 1704 Numidae
491 1642 738 1722 propius
778 1641 1185 1714 accessissent,
1219 1640 1300 1701 ibi
1335 1657 1474 1700 vero
1508 1639 1783 1699 virtutem
1821 1642 2137 1703 ostendere
2164 1650 2224 1704 et

44 1747 155 1790 eos
192 1745 467 1790 maxuma
500 1729 557 1788 vi
592 1728 868 1801 caedere,
907 1727 1156 1788 fundere
1193 1734 1366 1805 atque
1404 1727 1626 1803 sugere.
1684 1724 1922 1785 Interim
1957 1727 2222 1790 Metellus

46 1833 232 1893 quum
264 1831 570 1874 acerrume
604 1831 729 1874 rem
772 1823 1020 1892 gereret,
1046 1812 1362 1873 clamorem
1385 1811 1657 1872 hostilem
1689 1811 1762 1872 ab
1786 1816 1956 1890 tergo
1979 1813 2221 1893 accepit,

42 1901 185 1963 dein
222 1917 516 1961 convorso
552 1917 707 1980 equo
743 1899 1169 1973 animadvortit,
1195 1899 1394 1979 fugam
1425 1897 1498 1960 ad
1535 1916 1603 1961 se
1629 1915 1869 1959 vorsum
1897 1899 2043 1976 fieri,
2068 1917 2222 1979 quae

40 2006 142 2048 res
188 1986 482 2047 indicabat
515 1986 819 2068 popularis
859 2006 1015 2049 esse.
1070 1986 1254 2065 Igitur
1287 1985 1604 2065 equitatum
1653 2002 1888 2047 omnem
1926 1987 1998 2047 ad
2030 1994 2223 2048 castra

40 2090 305 2155 propere
348 2072 535 2146 misit,
577 2091 649 2134 ac
701 2073 895 2136 statim
934 2074 997 2135 C.
1039 2072 1284 2133 Marium
1338 2090 1471 2133 cum
1517 2071 1860 2133 cohortibus
1906 2073 2220 2145 sociorum,

40 2176 303 2237 eumque
350 2158 682 2220 lacrumans
714 2177 825 2239 per
870 2159 1197 2221 amicitiam·
1224 2176 1446 2238 perque
1478 2156 1900 2238 rempublicam
1931 2158 2219 2231 obsecrat,

42 2265 121 2306 ne
160 2262 333 2324 quam
370 2245 781 2307 contumeliam
822 2262 1129 2307 remanere
1164 2245 1226 2304 in
1265 2244 1524 2304 exercitu
1541 2244 1808 2316 ‚victore,
1845 2260 1993 2304 neve
2028 2244 2220 2305 hostis
2256 2244 2262 2255 '

40 2331 268 2393 inultos
303 2329 463 2390 abire
496 2332 682 2402 sinan
717 2330 814 2391 ille
845 2331 1010 2391 brevi
1045 2329 1318 2391 mandata
1361 2329 1556 2389 efficit.
1612 2330 1686 2390 At
1715 2329 1993 2407 iugurtha
2025 2330 2222 2390 muni-

42 2423 249 2479 mento
284 2424 616 2477 castrorum
649 2416 993 2496 impeditus,
1030 2434 1208 2495 quum
1263 2414 1354 2476 alii
1399 2432 1580 2494 super
1617 2414 1832 2476 vallum
1867 2416 2220 2496 praecipita·

47 2513 291 2575 rentur,
346 2502 437 2563 alii
490 2502 549 2562 in
596 2502 881 2581 angustiis
915 2502 1029 2583 ipsi
1066 2500 1179 2563 sibi
1226 2508 1614 2581 properantes
1651 2501 1984 2577 officerent,
2021 2502 2218 2565 multis

42 2586 281 2651 amissis
330 2587 389 2648 in
444 2587 574 2650 loca
630 2589 851 2651 munita
906 2606 1043 2649 sese
1096 2588 1344 2669 recepit.
1407 2587 1674 2649 Metellus
1715 2588 1935 2650 inlecto
1959 2592 2216 2673 negotio,

42 2682 365 2757 postquam
387 2692 503 2736 nox
528 2675 745 2751 aderat,
768 2676 832 2737 in
856 2683 1047 2739 castra
1073 2693 1207 2736 cum
1227 2674 1489 2735 exercitu
1511 2674 1842 2736 revortitur.

19 2862 25 2873 ‚
179 2800 526 2881 cap.le
580 2802 764 2882 Igitur
798 2815 1042 2887 postero
1078 2805 1204 2879 die,
1253 2804 1601 2885 priusquam
1641 2803 1714 2866 ad
1756 2803 2215 2882 oppugnandum

19 2886 449 2969 ‘egrederetur‚
471 2889 786 2967 equitatum
812 2910 1047 2960 omnem
1072 2892 1133 2953 in
1150 2909 1222 2953 ea
1244 2899 1431 2970 parte,
1459 2908 1572 2969 qua
1589 2890 1748 2967 regis
1767 2889 2054 2951 adventus
2077 2898 2217 2962 erat,

44 2995 159 3057 pro
192 2972 399 3036 castris
426 2973 652 3053 agitare
667 2974 848 3051 iubet,
875 2986 1079 3059 portas
1103 2986 1162 3040 et
1184 2994 1470 3056 proxuma
1491 2976 1623 3040 loca
1656 2974 1908 3038 tribunis
1932 2975 2216 3055 dispertit,

46 3058 312 3125 deinde
294 3078 426 3141 ipse
454 3060 641 3139 pergit
677 3062 747 3123 ad
774 3064 1061 3143 oppidum
1088 3071 1272 3143 atque
1293 3062 1376 3125 uti
1408 3060 1714 3141 superiore
1739 3061 1832 3123 die
1855 3080 2090 3126 murum
2115 3080 2218 3158 ag·-

46 3148 332 3229 greditur.
381 3144 613 3209 Interim
639 3144 914 3227 Iugurtha
939 3170 1013 3212 ex
1040 3150 1268 3213 occulto
1297 3154 1543 3229 repente
1568 3157 1806 3209 nostros
1835 3148 2086 3225 invadit;
2119 3148 2216 3227 qui

44 3235 107 3296 in
148 3251 434 3315 proxumo
469 3231 642 3294 locati
681 3233 936 3308 fuerant,
968 3236 1290 3315 paullisper
1323 3232 1506 3309 territi
1538 3234 1972 3313 perturbantur,
2009 3232 2218 3313 reliqui

46 3320 167 3382 cito
212 3318 587 3381 subveniunt.
639 3318 845 3400 Neque
885 3322 1099 3383 diutius
1134 3320 1422 3383 Numidae
1459 3318 1748 3387 resistere,
1771 3320 2118 3399 quivissent,
2153 3318 2215 3379 ni

49 3406 281 3486 pedites
308 3424 441 3467 cum
462 3404 752 3485 equitibus
774 3408 1043 3485 permixti
1069 3426 1340 3486 magnam
1363 3406 1586 3468 cladem
1605 3404 1664 3465 in
1701 3424 2028 3485 congressu
2060 3406 2214 3467 face-

48 3501 203 3562 rent,
239 3491 450 3570 quibus
486 3490 566 3551 illi
608 3494 737 3556 freti
780 3512 919 3569 non,
951 3500 1020 3555 ut
1042 3494 1300 3575 equestri
1317 3491 1537 3573 praelio
1563 3490 1732 3563 solet,
1757 3492 1922 3633 s5equi
1949 3492 2084 3554 dein
2111 3510 2215 3553 ce-

162 3589 352 3633 Sallu-t.
384 3590 589 3644 lugnrth.
