2400 3900
167 5 256 68 20
631 7 637 13 “
862 7 924 68 C.
973 6 1365 68 SALLUSTll
1410 7 1654 70 CRISPI

171 125 367 201 cersi&
395 145 514 206 quo
539 126 726 188 maior
755 127 1070 188 auctoritas
1093 125 1353 187 sermoni
1380 127 1617 188 inesset.
1680 126 1763 188 Eo
1800 106 2111 206 praesente
2143 131 2375 192 coniu-

163 213 462 278 rationem
482 213 684 292 aperit,
707 213 968 274 nominat
997 211 1213 286 socios,
1242 221 1545 293 praeterea
1562 214 1780 274 multos
1796 214 2085 295 cuiusque
2110 219 2371 293 generis

167 301 462 372 innoxios,
501 318 616 378 quo
649 299 852 378 legatis
883 298 1113 363 animus
1149 298 1399 380 amplior
1430 309 1607 374 esset,
1645 299 1862 361 deinde
1904 317 2009 360 eos
2050 301 2371 418 pollicitos

171 403 412 466 operam
443 403 610 446 suam
641 385 882 446 domum
909 385 1162 446 dimittit.

301 503 632 582 Cap.XL1.
687 505 805 565 S'ed
846 505 1192 583 Allobroges
1245 504 1344 566 diu
1402 504 1462 565 in
1504 504 1727 564 incerto
1769 502 2031 564 habuere
2066 502 2369 581 quidnam

172 589 399 652 consilii
433 597 754 670 caperent·
785 591 852 651 In
885 591 1083 652 altera·
1100 601 1269 670 parte
1307 600 1429 652 erat
1460 608 1561 650 aes
1602 588 1875 664 alienum,
1906 588 2174 649 studium
2200 591 2365 665 belli,

169 691 383 754 magna
405 695 637 750 merces
667 677 726 740 in
753 695 860 759 spe
883 675 1176 749 victoriae,
1218 688 1275 738 at
1302 677 1365 740 in
1389 678 1570 738 altera
1596 677 1846 736 maiores
1870 693 2035 756 opeS,
2060 683 2191 735 tuta
2214 695 2365 738 con—

73 761 79 770 '
172 762 316 836 silia,
345 781 452 842 pro
474 764 699 824 ineerta
723 781 831 840 spe
867 771 1024 822 certa
1060 763 1339 841 praemia.
1398 763 1555 824 Haeo
1576 761 1690 824 illis
1717 761 2081 823 volventibus
2108 765 2367 824 tandem

169 848 308 909 vicit
331 850 565 910 fortuna
590 846 964 928 reipublicae.
1009 849 1213 928 Itaque
1240 850 1311 921 Q.
1336 849 1519 910 Fabio
1540 849 1792 947 Sangae,
1825 848 1989 910 cuius
2015 849 2362 928 patrocinio

175 934 371 996 civitas
407 935 726 1015 plurimum
760 933 1050 1008 utebatur,
1081 953 1209 996 rem
1245 953 1479 999 omnem
1506 935 1589 996 uti
1627 942 2022 1015 cognoverant
2054 936 2364 1014 aperiunt.

155 1021 393 1124 Cicero,
421 1039 530 1118 per
553 1021 806 1098 Sangam
839 1021 1084 1083 consilio
1123 1021 1376 1100 cognito,
1402 1021 1609 1100 legatis
1636 1021 1951 1100 praecepit,
1986 1027 2053 1082 ut
2086 1023 2364 1085 studium

155 1094 593 1168 coniurationis
613 1108 990 1169 vehementer
1015 1108 1309 1183 simulent,
1348 1116 1573 1169 ceteros
1593 1107 1821 1181 adeant,
1845 1107 1999 1168 bene
2025 1107 2362 1188 pollicean-

41 1257 59 1270 .
167 1200 284 1268 tur,
313 1194 572 1270 dentque
595 1211 854 1272 operam,
881 1196 966 1256 uti
991 1213 1092 1255 eos
1120 1213 1297 1276 quam
1320 1211 1590 1256 maxume
1616 1194 1958 1254 manifestos
1984 1193 2276 1258 habeant.

301 1312 390 1373 Ca
402 1331 462 1392 p.
489 1311 664 1376 XLII.
719 1313 932 1375 lisdem
973 1315 1098 1374 fere
1137 1313 1507 1395 temporibus
1541 1315 1603 1379 in
1640 1313 1820 1375 Gallia
1861 1314 2130 1376 citeriore
2174 1323 2359 1395 atque

169 1399 466 1471 ulteriore,
489 1397 632 1460 item
654 1399 714 1460 in
741 1417 879 1478 agro
906 1399 1146 1474 Piceno,
1167 1401 1417 1474 Bruttio,
1438 1401 1646 1481 Apulia
1663 1409 1861 1462 motus
1893 1409 2033 1462 erat.
2078 1402 2359 1481 Namque

167 1483 268 1557 illi,
305 1502 456 1564 quos
483 1494 654 1546 antea
679 1485 920 1549 Catilina
956 1485 1273 1561 dimiserat,
1310 1481 1645 1549 inconsulte
1671 1495 1739 1548 ac
1768 1485 1947 1554 ,veluti
1968 1505 2079 1566 per
2098 1488 2357 1550 demen-

113 1589 132 1620 t
169 1569 308 1634 tiam
354 1577 566 1634 cuncta
607 1572 780 1634 simul
823 1573 1094 1651 agebant,
1147 1574 1453 1636 nocturnis
1504 1571 1785 1647 consiliis,
1829 1590 2127 1634 armorum
2172 1580 2358 1654 atque

168 1656 422 1718 telorum
470 1658 923 1738 portationibuS,
975 1659 1331 1734 festinando,
1359 1659 1650 1738 *agitando
1698 1658 1893 1722 omnia
1918 1705 1924 1710 .
1934 1660 2069 1738 plus
2116 1659 2354 1722 timoris

172 1761 345 1823 quam
385 1744 630 1824 periculi
671 1748 1008 1806 effecerant.
1070 1745 1157 1808 Ex
1205 1765 1275 1808 eo
1318 1765 1564 1813 numero
1614 1744 1951 1824 complures
1984 1746 2055 1818 Q.
2077 1745 2350 1808 Metellus

173 1831 340 1891 Celer
361 1832 604 1892 Praetor
635 1850 707 1892 ex
731 1831 928 1902 Senati
960 1833 1232 1893 consulto
1271 1851 1481 1894 caussa
1526 1831 1761 1911 cognita.
1782 1831 1845 1892 in
1880 1832 2107 1893 vincula
2148 1833 2354 1894 conie-

59 1919 65 1925 ’
173 1923 349 1990 cerat,
335 1916 517 2089 ,ἰῐῗιιι
553 1916 616 1979 in
647 1913 924 1980 ulteriore
959 1916 1139 1979 Gallia
1166 1919 1230 1981 C.
1256 1919 1497 1982 Murena
1540 1917 1640 1999 qui
1678 1917 1733 1981 ei
1752 1917 2090 1997 provinciae
2117 1917 2351 1999 legatus

170 2020 414 2085 praeera
1361 2039 1366 2042 -

225 2144 228 2147 -
305 2106 468 2185 Cap
493 2106 695 2168 XLIII.
747 2109 816 2169 At
850 2108 1072 2167 Romae
1110 2056 1397 2168 Lentulus
1446 2124 1581 2167 cum
1629 2106 1861 2178 oeteriS,
1892 2106 2006 2203 qui
2046 2105 2351 2203 principes

171 2191 592 2255 coniurationis
621 2200 806 2265 erant,
831 2192 1056 2271 paratis
1090 2200 1152 2253 ut
1171 2192 1523 2253 videbantur
1536 2191 1766 2271 magnis
1791 2192 1991 2271 copiiS,
2024 2191 2352 2255 constitue-

171 2286 324 2353 rant,
355 2279 458 2354 uti,
487 2297 672 2357 quum
691 2280 931 2341 Catilina
966 2279 1027 2339 in
1052 2296 1254 2357 agrum
1282 2278 1669 2341 Faesulanum
1698 2296 1833 2340 cum
1856 2277 2117 2339 exercitu
2144 2280 2346 2341 venis-

173 2372 282 2437 set,
305 2365 372 2427 L.
397 2367 592 2427 Bestia
617 2366 892 2431 tribunus
919 2364 1108 2446 plebis
1137 2364 1423 2428 concione
1446 2365 1643 2427 habita
1682 2376 2025 2443 quereretur
2060 2365 2136 2426 de
2160 2365 2351 2426 actio·

171 2451 348 2513 nibus
371 2452 670 2517 Ciceronis
707 2453 960 2532 bellique
996 2452 1345 2531 gravissumi
1372 2452 1647 2514 invidiam
1680 2460 1921 2531 optumo
1960 2451 2197 2513 Consuli
2237 2452 2351 2513 im-

172 2547 442 2618 poneret,
473 2556 544 2597 eo
583 2538 757 2617 signo
791 2557 1080 2617 proxuma
1117 2546 1295 2599 nocte
1334 2546 1525 2599 cetera
1570 2538 1881 2599 multitudo
1924 2536 2349 2601 coniurationis

173 2642 347 2687 suum
383 2623 634 2703 quisque
672 2624 974 2701 negotium
1004 2631 1455 2702 exsequeretur.
1524 2624 1645 2685 Sed
1692 2642 1761 2685 ea
1798 2622 1981 2685 divisa
2015 2624 2130 2683 hoc
2164 2626 2349 2687 modo

175 2710 540 2785 dicebantur,
590 2710 852 2771 Statilius
882 2716 943 2779 et
973 2708 1253 2773 Gabinius
1285 2710 1368 2770 uti
1398 2728 1535 2771 eum
1570 2727 1779 2788 magna
1816 2728 1997 2771 manu
2030 2708 2351 2773 duodecim

173 2797 346 2859 simul
373 2805 705 2877 opportuna
729 2796 856 2857 loea
873 2796 1036 2860 urbis
1054 2796 1459 2870 incenderent,
1486 2816 1605 2877 quo
1626 2796 1883 2864 tumultu
1902 2794 2128 2857 facilior
2153 2797 2352 2859 aditus

174 2884 247 2943 ad
278 2885 592 2947 Consulem
623 2892 968 2964 ceterosque
993 2884 1209 2963 quibus
1238 2882 1485 2945 insidiae
1521 2882 1880 2963 parabantur
1913 2884 2095 2957 tieret,
2133 2883 2352 2945 Cethe-

176 2986 284 3047 gus
326 2971 626 3045 Ciceronis
664 2972 902 3033 ianuam
939 2970 1254 3043 obsideret,
1300 2988 1551 3049 eumque
1602 2970 1656 3029 vi
1702 2969 2139 3049 adgrederetur,
2196 2970 2353 3033 alius

173 3055 312 3115 item
338 3058 534 3131 alium,
565 3059 668 3121 sed
695 3057 798 3119 filii
825 3057 1190 3129 familiarum,
1214 3075 1463 3135 quorum
1487 3076 1557 3117 ex
1584 3054 1882 3117 nobilitate
1909 3074 2174 3117 maxuma
2204 3074 2349 3135 pars

175 3149 319 3215 erat,
354 3152 626 3221 parentes
655 3145 1072 3218 interficerent,
1111 3143 1285 3205 simul
1308 3144 1489 3207 caede
1509 3150 1571 3205 et
1588 3142 1863 3205 incendio
1902 3142 2191 3222 perculsis
2214 3161 2351 3203 om-

173 3228 350 3290 nibus
385 3231 458 3291 ad
486 3231 783 3293 Catilinam
817 3240 1219 3309 erumperent.
1284 3229 1447 3291 Inter
1478 3230 1623 3291 haec
1664 3238 1866 3309 parata
1904 3236 2079 3312 atque
2106 3229 2351 3291 decreta

175 3303 500 3396 Cethegus
503 3336 740 3397 semper
773 3316 1129 3399 querebatur
1159 3316 1273 3377 de
1255 3317 1482 3397 ignavia
1508 3315 1823 3390 sociorum,
1858 3311 1989 3375 illos
2013 3315 2345 3377 dubitando

179 3410 238 3464 et
273 3404 400 3465 dies
431 3405 774 3487 prolatando
807 3422 1050 3487 magnas
1083 3405 1551 3483 opportunitates
1595 3402 1991 3479 corrumpere
2026 3404 2176 3463 facto
2219 3420 2345 3463 non
2392 3446 2394 3487 3

179 3490 491 3553 consulto
471 3510 533 3553 ιιι
559 3490 660 3552 tali
685 3490 946 3570 periculo
970 3508 1122 3573 opus
1143 3506 1296 3566 esse,
1324 3508 1541 3573 seque,
1562 3489 1613 3551 si
1636 3486 1805 3568 pauci
1830 3487 2185 3565 adiuvarent,
2210 3488 2343 3551 lan-
