2400 3900
140 131 149 136 ,
197 65 284 130 34
881 61 943 120 e.
987 33 1377 120 sALms'ru
1418 57 1663 120 cmsri

191 189 358 250 {acto
383 200 512 243 cum
537 180 668 246 telis
695 179 768 238 ad
795 195 928 239 sese
961 178 1373 256 irrumperent.
1418 175 1655 250 Consul,
1680 176 1779 238 ubi
1806 195 1873 236 33
1904 174 2099 256 parari
2120 195 2367 255 cogno-

199 273 300 344 vit,
334 265 632 345 dispositis
666 263 976 343 praesidiis
1011 271 1076 325 ut
1105 281 1203 324 res
1220 270 1395 340 atque
1421 273 1653 340 tempus
1686 263 1981 334 monebat,
2022 273 2389 344 convocato,

203 357 424 418 Senatu
451 352 629 410 refert
653 349 792 428 quid
815 351 891 410 de
911 349 986 410 iis
1007 349 1134 410 fieri
1153 349 1378 428 placeat
1400 347 1499 426 qui
1516 347 1583 410 in*
1598 348 1921 410 custodiam
1940 347 2137 422 traditi
2164 359 2363 410 erant.

203 441 321 502 Sed
341 456 445 498 eos
470 435 666 516 paullo
691 444 826 504 ante
850 437 1124 514 frequens
1145 435 1396 496 Senatus
1422 430 1775 496 iudicarerat
1798 442 2003 494 contra
2024 451 2155 494 rem
2162 433 2363 512 publi-

199 543 332 588 cam
369 522 602 584 fecisse.
662 520 814 582 Tum
847 522 918 586 D
943 520 1144 582 Iunius
1177 520 1429 591 Silanus,
1466 519 1689 617 primus
1722 520 2073 581 senteutiam
2108 529 2361 597 rogatus

203 610 362 692 quod
387 627 455 668 eo
479 619 748 687 tempore
771 605 993 668 Consul
1017 605 1355 684 designatus
1376 611 1519 678 erat,
1546 605 1661 666 de
1644 605 1717 666 iis
1738 605 1840 683 qui
1861 606 1925 666 in
1948 605 2249 666 custodiis
2278 613 2361 666 te-

200 697 496 759 nebantur
511 700 570 753 et
588 699 890 772 praeterea
912 691 985 752 de
1005 691 1072 752 L.
1092 690 1313 764 Cassio,
1322 691 1395 752 -.P
1412 689 1613 764 Furio,
1631 692 1695 753 P.
1709 691 2024 770 Umbreno,
2048 691 2121 762 Q.
2134 692 2359 764 Annio,

203 783 256 845 si
271 779 630 860 deprehensi
641 780 850 850 forent,
863 774 1213 856 supplicium
1222 777 1573 838 sumendum
1591 776 1973 850 decreverat,
1958 794 2125 854 isque
2142 787 2359 856 postea

203 873 505 946 permotus
541 863 803 925 oratione
821 864 892 925 C.
915 861 1176 924 Caesaris
1203 861 1492 939 pedibus
1476 881 1537 922 ιιι
1564 862 1909 924 sententiam
1936 861 2063 922 Tib.
2088 863 2355 924 Neronis

201 953 418 1015 iturum
451 970 516 1010 se
537 950 776 1022 dixerat,
811 947 910 1027 qui
934 948 1008 1008 de
1045 965 1114 1007 ea
1137 965 1203 1007 re
1228 946 1537 1025 praesidiis
1570 949 1779 1010 abditis
1802 947 2189 1011 referundum
2218 967 2356 1010 cen-

199 1046 417 1102 suerat.
475 1035 594 1096 Sed
626 1035 854 1107 Caesar,
888 1033 990 1094 ubi
1025 1034 1098 1093 ad
1137 1050 1271 1092 eum
1306 1041 1545 1093 ventum
1578 1043 1685 1108 est,
1722 1040 1961 1112 rogatus
1996 1035 2353 1096 sententiam

203 1143 238 1184 a
264 1120 516 1186 Consule
536 1119 938 1181 huiuscemodi
961 1120 1138 1180 verba
1159 1114 1393 1180 locutus
1418 1129 1521 1182 est.

331 1200 486 1286 Gap.
519 1205 614 1272 Ll
659 1205 905 1280 ,,Οιιιιιι3
939 1205 1229 1278 homines,
1280 1204 1482 1284 Patres
1532 1203 1865 1283 conscripti,
1914 1203 2016 1282 qui
2053 1157 2127 1262 de
2166 1205 2353 1266 rebus

207 1294 398 1358 dubiis
423 1291 774 1357 consultant.
813 1292 885 1351 ab
912 1291 1066 1365 odio,
1101 1277 1369 1364 amicitia,
1406 1289 1493 1350 ira
1512 1299 1685 1369 atque
1708 1288 2111 1350 misericordia
2132 1307 2353 1350 vacuos

207 1399 338 1442 3333
373 1379 560 1439 decet.
615 1377 781 1438 Haud
815 1376 984 1437 facile
1009 1376 1236 1439 animus
1268 1393 1469 1436 verum
1505 1377 1775 1454 providet
1804 1375 1903 1436 ubi
1936 1375 2033 1436 illa
2071 1375 2353 1448 officiunt,

203 1484 399 1543 neque
428 1465 733 1543 quisquam
759 1463 1021 1532 omnium
1048 1461 1291 1524 lubidini
1328 1461 1503 1522 simul
1528 1469 1585 1521 et
1609 1461 1743 1521 usui
1764 1460 1973 1540 paruit.
2018 1459 2131 1521 Ubi
2154 1459 2354 1522 inten-

205 1551 362 1611 deris
379 1549 696 1626 ingenium,
715 1548 885 1622 valet,
905 1547 955 1608 si
979 1547 1180 1612 lubido
1199 1545 1485 1626 possidet,
1504 1563 1573 1606 ea
1593 1546 1943 1619 dominatur,
1946 1545 2194 1611 animus
2218 1547 2355 1607 nihil

202 1635 374 1696 valet.
437 1635 644 1712 Magna
675 1633 816 1695 mihi
849 1633 1013 1712 copia
1037 1642 1129 1693 est
1159 1632 1543 1706 memorandi,
1565 1633 1631 1693 P.
1667 1634 1747 1705 C.,
1782 1650 1933 1710 quae
1962 1650 2134 1710 reges
2170 1639 2354 1711 atque

181 1719 444 1799 xpopuli
429 1739 514 1780 ira
536 1727 636 1780 aut
659 1718 1056 1780 misericordia
1067 1718 1314 1814 ‘impulsi
1334 1718 1485 1780 male
1512 1719 1964 1816 consuluerunt,
1975 1717 2081 1778 sed
2104 1734 2173 1776 33
2200 1719 2353 1796 malo

205 1806 416 1878 dicei-‚e
446 1823 594 1883 quae
621 1805 872 1865 maiores
896 1803 1088 1864 nostri
1110 1812 1313 1864 contra
1340 1804 1659 1876 lubidinem
1680 1804 1856 1866 animi
1876 1802 1967 1864 sui
1996 1811 2154 1864 recte
2178 1813 2353 1899 atque

127 1917 138 1932 =
202 1891 415 1953 ordine
446 1892 656 1951 fecere.
699 1889 859 1950 Bello
882 1888 1275 1963 Macedonico,
1312 1890 1471 1969 quod
1497 1909 1625 1952 cum
1658 1909 1797 1969 rege
1828 1890 2007 1951 Perse
2043 1888 2353 1967 gessimus

203 1976 568 2037 Rhodiorum
591 1974 786 2035 civitas
805 1993 1014 2053 magna
1039 1982 1214 2053 atque.
1227 1976 1553 2053 magnifica,
1572 1996 1721 2055 quae
1738 1974 1941 2057 populi
1959 1975 2207 2037 Romani
2230 1978 2353 2055 opi·
2382 2042 2389 2065 1

200 2060 316 2123 bus
343 2068 616 2134 creverat,
641 2060 820 2121 infida
843 2068 902 2121 et
921 2061 1166 2121 advorsa
1190 2061 1363 2121 nobis
1392 2062 1529 2135 fuit,
1562 2062 1667 2123 sed
1693 2072 2005 2142 postquam
2026 2061 2181 2122 bello
2212 2081 2353 2125 con-

169 2148 354 2207 ·fecto
384 2147 456 2207 de
479 2146 726 2207 Rhodiis
757 2146 1082 2209 consultum
1107 2156 1215 2218 est,
1250 2146 1501 2208 maiores
1530 2149 1732 2221 nostri,
1768 2167 1843 2208 ne
1868 2146 1999 2225 quis
2026 2146 2354 2209 divitiarum
2387 2196 2388 2215 ἦ

203 2232 388 2311 magis
417 2251 592 2311 quam
631 2232 877 2295 iniuriae
919 2250 1124 2293 caussa
1167 2232 1384 2293 bellum
1427 2233 1723 2312 inceptum
1748 2234 1986 2305 diceret,
2028 2232 2349 2311 impunitos
2387 2238 2388 2315 ζ

205 2337 308 2379 333
332 2318 624 2380 dimisere.
669 2318 814 2381 Item
846 2318 1014 2381 bellis
1038 2317 1273 2380 Punicis
1312 2318 1583 2381 omnibus
1620 2338 1801 2398 quum
1844 2336 2021 2397 saepe
2048 2320 2351 2398 Carthagi·

201 2404 440 2477 nienses
475 2414 534 2465 et
561 2405 623 2465 in
649 2424 792 2485 pace
821 2412 878 2466 et
901 2424 1010 2485 per
1035 2404 1299 2467 inducias
1324 2404 1503 2465 multa
1536 2405 1755 2467 nefaria
1780 2405 2034 2466 facinora
2058 2405 2388 2487 fecissent,
2387 2400 2388 2447 ¹

201 2506 522 2567 numquam
547 2490 662 2568 ipsi
683 2510 789 2568 per
815 2492 1184 2553 occasionem
1215 2490 1349 2551 talia
1378 2492 1605 2566 fecere3
1634 2492 1820 2569 magis
1845 2491 1982 2569 quid
2020 2508 2083 2550 se
2112 2490 2355 2569 dignum
2387 2470 2388 2571 ἶ

201 2575 358 2634 foret
384 2592 557 2657 quam
589 2575 767 2652 quid
750 2594 811 2635 ιιι
833 2576 1004 2637 illos
987 2592 1113 2635 iure
1137 2576 1265 2636 fieri
1286 2588 1490 2654 posset
1516 2578 1889 2655 quaerebant.
1933 2577 2059 2637 Hoc
2082 2575 2221 2636 item
2254 2598 2354 2637 vo-

201 2660 294 2721 bis
325 2659 756 2739 providendum
791 2670 897 2732 est,
939 2661 1142 2721 Patres
1175 2661 1509 2739 conscripti,
1553 2680 1627 2721 ne
1664 2662 1799 2741 plus
1834 2662 1991 2740 apud
2026 2679 2129 2722 vos
2164 2664 2355 2723 valeat
2387 2652 2388 2713 l

202 2748 270 2816 P
281 2744 526 2807 Lentuli
561 2752 621 2805 et
651 2753 980 2807 ceterorum
1025 2744 1221 2805 scelus
1258 2765 1435 2823 quam
1466 2756 1655 2815 vestra
1698 2748 1967 2825 dignitaS,
2009 2765 2125 2807 neu
2164 2750 2352 2826 magis
2387 2718 2388 2807 Ῐ

200 2830 322 2893 irae
349 2838 576 2893 vestrae
601 2850 772 2909 quam
801 2833 986 2893 famae
1012 2831 1346 2893 consulatis·
1390 2830 1536 2893 Nam
1564 2832 1615 2893 si
1640 2832 1813 2910 digna
1836 2850 2029 2911 poena
2054 2849 2161 2910 pro
2188 2834 2353 2895 factis
2386 2890 2389 2903 ,

205 2936 406 2979 eorum
427 2918 734 2997 reperitur,
757 2937 973 2979 novum
1001 2918 1308 2978 consilium
1332 2918 1615 2997 adprobo,
1636 2918 1729 2979 sin
1750 2919 2089 2996 magnitudo
2112 2918 2352 2980 sceleris
2387 2956 2388 2965 κ

205 3004 466 3065 omnium
487 3004 718 3083 ingenia
740 3013 1068 3082 exsuperat,
1097 3003 1169 3080 iis
1193 3004 1477 3065 utendum
1506 3021 1741 3077 censeo,
1766 3022 1913 3083 quae
1938 3003 2161 3083 legibus
2187 3023 2353 3065 com-

208 3100 404 3166 parata
450 3098 607 3152 sunt.
674 3090 946 3167 Plerique
981 3108 1205 3156 eorum,
1246 3089 1345 3168 qui
1384 3097 1652 3151 ante-me
1694 3090 2012 3153 sententias
2056 3088 2351 3157 dixerunt,

207 3175 528 3253 composite
555 3184 728 3254 atque
761 3174 1066 3253 magnifice
1094 3194 1293 3237 casum
1330 3174 1685 3253 reipublicae
1712 3176 1967 3239 miserati
2000 3182 2165 3247 sunt;
2202 3194 2351 3254 quae

203 3258 341 3321 belli
381 3259 611 3320 saevitia
636 3271 810 3334 esset,
845 3279 992 3339 quae
1027 3260 1188 3321 victis
1216 3260 1565 3336 acciderent,
1598 3279 2044 3335 enumeravere3
2081 3261 2207 3339 rapi
2232 3262 2351 3321 vir-

205 3344 404 3421 gineS,
423 3363 660 3423 pueros,
699 3348 890 3408 divelli
919 3347 1138 3407 liberos
1166 3366 1196 3407 a
1233 3355 1541 3423 parentum
1566 3350 1891 3427 complexu,
1928 3354 2145 3409 matres
2179 3347 2348 3407 fami-

205 3430 406 3491 liarum
442 3431 560 3508 pati
598 3450 748 3509 quae
780 3432 1097 3493 victoribus
1133 3432 1551 3520 collibuissent,
1586 3436 1719 3495 sana
1752 3440 1925 3511 atque
1962 3413 2167 3493 domos
2202 3450 2344 3508 spo-

205 3514 346 3592 liari,
375 3517 634 3597 caedem,
673 3516 942 3581 incendia
967 3518 1114 3593 fieri,
1139 3527 1438 3599 postremo
1464 3521 1659 3593 armis,
1696 3516 2091 3591 cadmei-ihm,
2135 3534 2345 3579 cruore
