2400 3900
180 92 260 154 42
371 125 381 146 ·
867 91 931 160 c.
968 59 1366 152 -SALLUSTH
1410 91 1657 153 eluse}

183 213 442 274 dendum
477 208 650 271 nobis
680 227 832 270 esse.
889 210 1110 270 Virtute
1145 229 1213 271 ae
1240 210 1329 269 dis
1352 210 1677 270 volentibus
1710 209 1906 288 magni
1930 208 2077 269 estis
2106 217 2173 270 et
2204 227 2365 289 opu-

181 297 340 367 lenti,
368 294 564 354 oi'iinia
593 295 851 355 secunda
880 305 939 355 et
961 295 1294 355 obedientia
1320 304 1472 368 sunt,
1516 315 1629 374 quo
1661 296 1881 356 facilius
1912 295 2225 355 sociorum
2272 296 2361 356 in-

181 384 358 443 iurias
393 397 598 440 curare
635 380 786 441 licet.
830 381 1079 441 Tantum
1113 380 1255 442 inud
1286 399 1509 453 vereor,
1546 398 1620 441 ne
1653 399 1803 460 quos
1838 380 2071 460 privata'
2090 381 2361 442 amicitia

181 467 491 544 iugurthae
514 483 722 544 parum
740 467 970 544 cognita
989 476 1362 528 transvorsos
1388 473 1534 544 agat,
1562 485 1711 545 quos
1738 484 1845 544 ego
1871 466 2043 527 audio
2069 483 2359 527 maxuma

182 571 296 631 ope
318 551 442 622 niti,
468 551 705 624 ambire,
726 553 964 630 fugitare
985 571 1086 614 vos
1111 552 1394 632 singuloS,
1414 570 1491 612 ne
1516 551 1655 631 quid
1680 553 1753 612 de
1774 551 2017 613 absente
2042 551 2357 630 incognita

180 655 388 698 caussa
423 637 719 712 statuatis;
754 639 974 719 fingere
1002 655 1098 697 me
1121 638 1300 700 verba
1328 645 1383 698 et
1425 639 1623 716 fugam
1644 638 1936 711 simulare,
1986 637 2081 698 cui
2114 637 2357 700 licuerit

181 725 240 785 in
287 741 468 800 regno
509 741 766 784 manere.
841 723 1013 796 Quod
1055 723 1279 784 utinam
1317 723 1498 796 illum,
1548 723 1711 784 cuius
1756 724 1935 803 impio
1980 722 2261 784 facinore
2300 726 2357 784 in

179 809 286 870 has
307 809 570 871 miserias
593 809 892 889 proiectus
917 826 1067 881 sum,
1091 810 1294 869 eadem
1318 810 1464 869 haec
1483 809 1848 870 simulantem
1876 809 2127 881 videam,
2162 819 2227 870 et
2249 811 2355 871 ali-

181 896 416 973 quando
442 904 540 956 aut
556 895 716 974 apud
737 891 862 968 ves,
895 903 996 956 aut
1011 895 1168 974 apud
1196 895 1341 954 deos
1360 895 1702 955 immortalis
1726 913 1927 956 rerum
1951 895 2355 956 humanarum

182 999 325 1042 cura
355 981 606 1056 oriatur3
641 998 750 1040 nae
781 979 897 1056 ille,
932 979 1032 1061 qui
1058 997 1218 1041 nunc
1252 978 1576 1040 sceleribus
1609 980 1732 1041 suis
1768 982 1927 1041 ferox
1965 989 2146 1060 atque
2172 999 2349 1060 prae-

182 1066 372 1128 clarus
427 1074 535 1139 est,
596 1065 869 1128 omnibus
920 1065 1086 1126 malis
1138 1065 1505 1127 excruciatus
1557 1066 1873 1145 impietatis
1922 1066 1983 1126 in
2030 1075 2347 1144 parentem

179 1161 470 1225 nostrum,
511 1151 704 1212 fratris
729 1151 844 1214 mei
879 1152 1040 1212 necis
1065 1169 1446 1230 mearumque
1493 1152 1854 1213 miseriarum
1894 1151 2084 1230 gravis
2111 1171 2347 1230 poenas

180 1239 409 1302 reddat.
478 1236 602 1298 lam
646 1239 767 1297 iam
815 1239 1010 1310 frater,
1051 1239 1245 1298 animo
1289 1255 1421 1296 meo
1463 1238 1799 1311 carissume,
1840 1255 2201 1317 quamquam
2248 1241 2351 1302 tibi

181 1325 488 1386 immaturo
513 1329 572 1382 et
595 1323 756 1383 unde
779 1323 1038 1383 minume
1065 1323 1264 1383 decuit
1285 1322 1398 1382 vita
1426 1330 1623 1402 erepta
1650 1333 1755 1397 est,
1784 1333 1978 1383 tamen
2002 1323 2351 1386 laetandum

182 1407 366 1486 magis
393 1423 568 1486 quam
609 1407 928 1468 dolendum
962 1417 1106 1486 puto
1135 1427 1333 1469 casum
1358 1417 1555 1484 tuum3
1598 1427 1716 1469 non
1742 1409 1898 1469 enim
1919 1427 2191 1486 regnum,
2238 1413 2382 1496 sed

181 1495 395 1570 fugam,
435 1492 715 1566 exsilium,
757 1499 1074 1576 egestatem
1109 1501 1168 1553 et
1204 1493 1395 1554 omnis
1423 1492 1546 1566 haS,
1589 1512 1739 1572 quae
1781 1513 1875 1554 me
1911 1505 2211 1574 premunt,
2254 1516 2349 1558 ae-

182 1596 425 1639 rumnas
465 1597 600 1641 cum
635 1578 826 1640 anima
861 1579 1035 1643 simul
1077 1579 1338 1640 amisisti.
1382 1581 1457 1639 At
1492 1597 1602 1656 ego
1634 1579 1850 1653 infelix,
1896 1582 1958 1640 in
1994 1589 2156 1640 tanta
2197 1584 2348 1643 mala

181 1663 596 1743 praecipitatus
652 1683 725 1726 ex
777 1665 964 1744 patrio
1009 1684 1212 1743 regno,
1262 1681 1460 1726 rerum
1502 1666 1888 1726 humanarum
1941 1669 2349 1768 spectaculum

183 1750 474 1829 praebe03
505 1752 763 1812 incertus
791 1751 928 1830 quid
955 1769 1140 1830 agam,
1171 1758 1380 1812 tuasne
1407 1751 1643 1811 iniurias
1668 1769 1995 1830 persequar
2016 1750 2147 1830 ipse
2185 1757 2349 1816 auxi-

181 1837 243 1896 lii
283 1854 481 1924 egene,
533 1855 608 1896 an
633 1853 816 1913 regno
860 1835 1188 1908 consulam,
1232 1837 1399 1896 cuius
1442 1836 1602 1896 vitae
1640 1837 1921 1917 necisque
1958 1845 2231 1914 potestas
2283 1861 2345 1901 ex

184 1922 394 2001 opibus
421 1913 636 1983 alienis
673 1921 908 2019 pendet.
953 1922 1187 1984 Utinam
1226 1921 1409 1984 emori
1438 1921 1699 1985 fortunis
1716 1924 1863 1984 meis
1889 1922 2181 1985 honestus
2224 1929 2345 1988 exi·
2376 1921 2381 2043 Ι

183 2016 281 2069 tus
308 2006 494 2069 esset!
533 2027 649 2068 neu
671 2008 803 2067 iure
842 2015 1213 2087 contemptus
1240 2008 1486 2081 viderer,
1524 2009 1574 2067 si
1608 2009 1877 2069 defessus
1904 2010 2111 2069 malis
2096 2012 2381 2073 iniuriae

185 2094 632 2155 concessissem.
677 2093 847 2154 Nunc
869 2112 1062 2174 neque
1085 2094 1279 2155 vivere
1300 2093 1480 2166 lubet,
1514 2112 1705 2172 neque
1732 2097 1879 2159 mori
1915 2096 2051 2155 licet
2071 2096 2209 2157 sine
2250 2101 2346 2160 de

185 2179 417 2242 decore.
462 2180 668 2241 Patres
696 2180 1032 2260 conscripti,
1070 2198 1178 2259 per
1201 2198 1327 2251 VOS,
1354 2179 1571 2240 liberos
1598 2188 1771 2257 atque
1794 2190 2065 2260 parentes
2092 2193 2345 2255 vostros

179 2285 290 2345 per
309 2266 682 2328 maiestatem
715 2266 915 2346 populi
940 2265 1184 2327 Romani
1228 2265 1531 2327 subvenite
1566 2264 1779 2326 misero
1808 2266 1965 2340 mihi,
2002 2266 2081 2327 ite
2118 2268 2345 2331 obviam

179 2352 442 2426 iniuriae,
471 2352 651 2416 nolite
674 2352 811 2431 pati,
839 2371 1084 2432 regnum
1109 2351 1433 2424 Numidiae,
1462 2353 1618 2431 quod
1643 2360 1907 2413 vostrum
1932 2361 2041 2426 est,
2073 2370 2189 2432 per
2217 2375 2343 2420 sce·
2378 2350 2381 2362 ’

182 2438 274 2499 lus
301 2448 357 2497 et
380 2440 724 2515 sanguinem
748 2439 995 2501 familiae
1017 2449 1255 2500 nostrae
1273 2440 1635 2499 tabescere.“

312 2524 471 2602 Cap.
497 2524 615 2583 XV.
659 2525 981 2602 Postquam
1005 2544 1109 2587 rex
1136 2526 1314 2587 finem
1339 2524 1619 2603 loquendi
1658 2523 1807 2597 fecit,
1833 2522 2005 2601 legati
2027 2524 2345 2603 Iugurthae

181 2607 710 2685 largitione,magis
747 2626 923 2685 quam
965 2628 1172 2671 caussa
1218 2611 1349 2672 freti
1398 2612 1600 2688 paucis
1642 2610 2035 2687 respondent:
2100 2612 2345 2693 Hiemp-

180 2693 362 2755 salem
411 2693 487 2755 ob
525 2693 822 2754 saevitiam
849 2713 1029 2755 ,suam
1069 2696 1142 2755 ab
1183 2694 1450 2756 Numidis
1492 2694 1896 2769 interfectum3
1954 2695 2349 2761 Adherbalem

180 2780 331 2842 ultro
359 2779 575 2841 bellum
611 2778 975 2851 inferentem,
1003 2788 1323 2858 postquam-
1344 2788 1653 2859 superatus
1680 2781 1770 2853 sit,
1796 2781 1980 2859 queri,
2010 2784 2171 2860 quod
2198 2785 2376 2846 iniu-·

180 2864 327 2927 riam
355 2867 552 2927 facere
585 2866 965 2945 nequivisset.
1010 2864 1347 2943 Iugurtham
1388 2868 1459 2927 ab
1486 2866 1705 2927 Senatu
1728 2874 1946 2944 petere,
1976 2884 2053 2927 ne
2080 2886 2147 2928 se
2170 2838 2377 2932 alium)

179 2958 469 3029 putarent,
498 2970 566 3014 ac
587 2951 932 3013 Numantiae
954 2952 1227 3030 cognitus
1260 2960 1435 3025 esset,
1452 2969 1571 3012 neu
1600 2950 1777 3011 verba
1792 2951 2005 3013 inimici
2032 2962 2171 3013 ante
2200 2958 2351 3017 facta

181 3054 286 3097 sua
322 3048 628 3115 ponerent.
687 3038 910 3099 Deinde
945 3039 1175 3117 utrique
1219 3056 1373 3100 cuna
1406 3036 1807 3117 egrediuntur.
1864 3039 2115 3099 Senatus
2146 3047 2349 3103 statim

181 3123 534 3196 consulitur·
561 3125 818 3185 lautores
838 3123 1180 3201 legatorum,
1211 3132 1514 3202 praeterea
1534 3140 1745 3201 magna
1764 3140 1907 3201 pars
1937 3124 2117 3201 gratia
2148 3125 2351 3201 [sena-

181 3207 294 3284 tus]
325 3208 976 3287 depravatiAdberbalis
998 3209 1151 3273 dicta
1181 3217 1579 3283 contemnere,
1606 3209 1920 3287 Iugurthae
1943 3209 2221 3271 virtutem
2248 3232 2352 3275 ex-
2375 3198 2376 3278 l

177 3293 384 3355 tollere
414 3294 708 3366 laudibus,
713 3296 940 3375 gratia,
978 3314 1140 3366 voce,
1181 3294 1434 3372 denique
1474 3294 1744 3357 omnibus
1778 3294 1968 3355 modis
2005 3314 2113 3373 pro
2152 3297 2351 3361 alieno

179 3380 403 3441 scelere
429 3388 488 3440 et
510 3354 725 3457 flagitio
755 3400 864 3445 sua
893 3381 1061 3459 quasi
1085 3399 1192 3460 pro
1222 3380 1403 3459 gloria
1430 3381 1786 3443 nitebantur.
1829 3382 1903 3439 At
1926 3388 2130 3443 contra
2155 3386 2351 3462 pauci,

183 3466 396 3542 quibus
430 3466 654 3527 bonum
683 3474 742 3527 et
781 3484 1030 3545 aequum
1071 3467 1285 3527 divitiis
1322 3466 1513 3528 carius
1540 3474 1681 3535 erat,
1726 3464 2197 3529 subveniundum
2226 3466 2375 3541 Ad-;

177 3548 400 3615 herbali
441 3560 502 3615 et
521 3551 869 3630 Hiempsalis
904 3561 1155 3615 mortem
1189 3571 1393 3667 severe
1418 3549 1821 3613 vindicandam
1848 3552 2203 3633 censebant,
2242 3556 2353 3619 sed
