<?xml version="1.0" encoding="UTF-8"?>
<!DOCTYPE html PUBLIC "-//W3C//DTD XHTML 1.0 Transitional//EN"
    "http://www.w3.org/TR/xhtml1/DTD/xhtml1-transitional.dtd">
<html xmlns="http://www.w3.org/1999/xhtml" xml:lang="en" lang="en">
 <head>
  <title>
</title>
<meta http-equiv="Content-Type" content="text/html;charset=utf-8" />
  <meta name='ocr-system' content='tesseract 3.04.00' />
  <meta name='ocr-capabilities' content='ocr_page ocr_carea ocr_par ocr_line ocrx_word'/>
</head>
<body>
  <div class='ocr_page' id='page_1' title='image "./csallustiicrisp00kochgoog_0045.png"; bbox 0 0 2400 3900; ppageno 0'>
   <div class='ocr_carea' id='block_1_1' title="bbox 736 69 2308 176">
    <p class='ocr_par' dir='ltr' id='par_1_1' title="bbox 736 69 2308 176">
     <span class='ocr_line' id='line_1_1' title="bbox 736 69 2308 176; baseline -0.001 -45"><span class='ocrx_word' id='word_1_1' title='bbox 736 70 947 132; x_wconf 86' lang='lat' dir='ltr'><strong>BELL.</strong></span> <span class='ocrx_word' id='word_1_2' title='bbox 992 71 1354 176; x_wconf 68' lang='lat' dir='ltr'>luGURTH.</span> <span class='ocrx_word' id='word_1_3' title='bbox 1401 91 1452 133; x_wconf 89' lang='lat' dir='ltr'>c.</span> <span class='ocrx_word' id='word_1_4' title='bbox 1483 69 1692 133; x_wconf 81' lang='lat'>5-9,</span> <span class='ocrx_word' id='word_1_5' title='bbox 2169 69 2252 131; x_wconf 77' lang='lat'>37</span> <span class='ocrx_word' id='word_1_6' title='bbox 2299 109 2308 116; x_wconf 89' lang='lat'>-</span> 
     </span>
    </p>
   </div>
   <div class='ocr_carea' id='block_1_2' title="bbox 81 189 2373 271">
    <p class='ocr_par' dir='ltr' id='par_1_2' title="bbox 81 189 2373 271">
     <span class='ocr_line' id='line_1_2' title="bbox 81 189 2373 271; baseline -0.004 -17"><span class='ocrx_word' id='word_1_7' title='bbox 81 191 439 271; x_wconf 80' lang='lat' dir='ltr'><strong>Hispaniam</strong></span> <span class='ocrx_word' id='word_1_8' title='bbox 476 190 757 252; x_wconf 86' lang='lat' dir='ltr'>mittebat.</span> <span class='ocrx_word' id='word_1_9' title='bbox 804 190 923 250; x_wconf 87' lang='lat' dir='ltr'>Sed</span> <span class='ocrx_word' id='word_1_10' title='bbox 959 208 1027 250; x_wconf 85' lang='lat' dir='ltr'>ea</span> <span class='ocrx_word' id='word_1_11' title='bbox 1059 207 1157 250; x_wconf 87' lang='lat' dir='ltr'>res</span> <span class='ocrx_word' id='word_1_12' title='bbox 1192 191 1372 268; x_wconf 83' lang='lat' dir='ltr'>longe</span> <span class='ocrx_word' id='word_1_13' title='bbox 1405 189 1572 252; x_wconf 84' lang='lat' dir='ltr'>aliter</span> <span class='ocrx_word' id='word_1_14' title='bbox 1605 207 1678 252; x_wconf 92' lang='lat' dir='ltr'>ac</span> <span class='ocrx_word' id='word_1_15' title='bbox 1701 195 1866 250; x_wconf 75' lang='lat' dir='ltr'>ratus</span> <span class='ocrx_word' id='word_1_16' title='bbox 1891 194 2017 248; x_wconf 85' lang='lat' dir='ltr'>erat</span> <span class='ocrx_word' id='word_1_17' title='bbox 2045 191 2258 254; x_wconf 49' lang='lat' dir='ltr'>evum.</span> <span class='ocrx_word' id='word_1_18' title='bbox 2371 197 2373 202; x_wconf 86' lang='grc'><strong><em>·</em></strong></span> 
     </span>
    </p>
   </div>
   <div class='ocr_carea' id='block_1_3' title="bbox 26 265 2374 3615">
    <p class='ocr_par' dir='ltr' id='par_1_3' title="bbox 78 265 2275 1370">
     <span class='ocr_line' id='line_1_3' title="bbox 78 265 2258 355; baseline 0 -16"><span class='ocrx_word' id='word_1_19' title='bbox 78 269 239 339; x_wconf 76' lang='lat' dir='ltr'>Nam</span> <span class='ocrx_word' id='word_1_20' title='bbox 275 277 577 355; x_wconf 82' lang='lat' dir='ltr'><strong>Iugurtha,</strong></span> <span class='ocrx_word' id='word_1_21' title='bbox 611 283 675 337; x_wconf 83' lang='lat' dir='ltr'>ut</span> <span class='ocrx_word' id='word_1_22' title='bbox 710 283 835 336; x_wconf 87' lang='lat' dir='ltr'>erat</span> <span class='ocrx_word' id='word_1_23' title='bbox 864 275 1115 354; x_wconf 85' lang='lat' dir='ltr'>impigro</span> <span class='ocrx_word' id='word_1_24' title='bbox 1144 283 1320 354; x_wconf 85' lang='lat' dir='ltr'>atque</span> <span class='ocrx_word' id='word_1_25' title='bbox 1355 276 1472 336; x_wconf 87' lang='lat' dir='ltr'>acri</span> <span class='ocrx_word' id='word_1_26' title='bbox 1491 276 1748 354; x_wconf 86' lang='lat' dir='ltr'>ingenio,</span> <span class='ocrx_word' id='word_1_27' title='bbox 1773 265 1876 336; x_wconf 88' lang='lat' dir='ltr'>ubi</span> <span class='ocrx_word' id='word_1_28' title='bbox 1898 284 2168 336; x_wconf 83' lang='lat' dir='ltr'>naturam</span> <span class='ocrx_word' id='word_1_29' title='bbox 2187 277 2258 339; x_wconf 85' lang='lat' dir='ltr'>P.</span> 
     </span>
     <span class='ocr_line' id='line_1_4' title="bbox 84 361 2258 444; baseline -0 -20"><span class='ocrx_word' id='word_1_30' title='bbox 84 362 410 444; x_wconf 86' lang='lat' dir='ltr'>Scipionis,</span> <span class='ocrx_word' id='word_1_31' title='bbox 458 363 557 442; x_wconf 87' lang='lat' dir='ltr'>qui</span> <span class='ocrx_word' id='word_1_32' title='bbox 592 370 719 424; x_wconf 90' lang='lat' dir='ltr'>tum</span> <span class='ocrx_word' id='word_1_33' title='bbox 750 363 1055 424; x_wconf 88' lang='lat' dir='ltr'>Romanus</span> <span class='ocrx_word' id='word_1_34' title='bbox 1084 361 1409 440; x_wconf 84' lang='lat' dir='ltr'>imperator</span> <span class='ocrx_word' id='word_1_35' title='bbox 1447 369 1572 421; x_wconf 86' lang='lat' dir='ltr'>erat</span> <span class='ocrx_word' id='word_1_36' title='bbox 1621 370 1682 422; x_wconf 88' lang='lat' dir='ltr'>et</span> <span class='ocrx_word' id='word_1_37' title='bbox 1727 379 1952 422; x_wconf 83' lang='lat' dir='ltr'>morem</span> <span class='ocrx_word' id='word_1_38' title='bbox 1999 361 2258 423; x_wconf 88' lang='lat' dir='ltr'>hostium</span> 
     </span>
     <span class='ocr_line' id='line_1_5' title="bbox 84 447 2262 527; baseline -0.001 -16"><span class='ocrx_word' id='word_1_39' title='bbox 84 449 385 527; x_wconf 85' lang='lat' dir='ltr'>cognovit,</span> <span class='ocrx_word' id='word_1_40' title='bbox 430 449 613 515; x_wconf 85' lang='lat' dir='ltr'>multo</span> <span class='ocrx_word' id='word_1_41' title='bbox 656 447 861 510; x_wconf 87' lang='lat' dir='ltr'>labore</span> <span class='ocrx_word' id='word_1_42' title='bbox 906 447 1206 524; x_wconf 81' lang='lat' dir='ltr'>multaque</span> <span class='ocrx_word' id='word_1_43' title='bbox 1252 463 1410 518; x_wconf 81' lang='lat' dir='ltr'>cura,</span> <span class='ocrx_word' id='word_1_44' title='bbox 1455 456 1754 526; x_wconf 78' lang='lat' dir='ltr'>praeterea</span> <span class='ocrx_word' id='word_1_45' title='bbox 1802 447 2262 509; x_wconf 64' lang='lat' dir='ltr'><strong>modestissume</strong></span> 
     </span>
     <span class='ocr_line' id='line_1_6' title="bbox 82 525 2262 616; baseline 0 -20"><span class='ocrx_word' id='word_1_46' title='bbox 82 534 361 616; x_wconf 85' lang='lat' dir='ltr'>parendo</span> <span class='ocrx_word' id='word_1_47' title='bbox 398 543 457 598; x_wconf 89' lang='lat' dir='ltr'>et</span> <span class='ocrx_word' id='word_1_48' title='bbox 486 553 667 614; x_wconf 89' lang='lat' dir='ltr'>saepe</span> <span class='ocrx_word' id='word_1_49' title='bbox 705 525 942 594; x_wconf 67' lang='lat' dir='ltr'>‘obviam</span> <span class='ocrx_word' id='word_1_50' title='bbox 972 532 1171 592; x_wconf 85' lang='lat' dir='ltr'>eundo</span> <span class='ocrx_word' id='word_1_51' title='bbox 1210 532 1484 612; x_wconf 84' lang='lat' dir='ltr'>periculi-s</span> <span class='ocrx_word' id='word_1_52' title='bbox 1519 531 1580 592; x_wconf 86' lang='lat' dir='ltr'>in</span> <span class='ocrx_word' id='word_1_53' title='bbox 1605 539 1825 593; x_wconf 86' lang='lat' dir='ltr'>tantam</span> <span class='ocrx_word' id='word_1_54' title='bbox 1857 533 2262 596; x_wconf 66' lang='lat' dir='ltr'>claritudinem</span> 
     </span>
     <span class='ocr_line' id='line_1_7' title="bbox 82 617 2260 701; baseline -0.002 -17"><span class='ocrx_word' id='word_1_55' title='bbox 82 621 255 684; x_wconf 85' lang='lat' dir='ltr'>brevi</span> <span class='ocrx_word' id='word_1_56' title='bbox 272 627 643 701; x_wconf 80' lang='lat' dir='ltr'>pervenerat,</span> <span class='ocrx_word' id='word_1_57' title='bbox 664 628 731 682; x_wconf 93' lang='lat' dir='ltr'>ut</span> <span class='ocrx_word' id='word_1_58' title='bbox 753 618 973 680; x_wconf 87' lang='lat' dir='ltr'>nostris</span> <span class='ocrx_word' id='word_1_59' title='bbox 990 618 1371 680; x_wconf 73' lang='lat' dir='ltr'>vehementer</span> <span class='ocrx_word' id='word_1_60' title='bbox 1388 636 1582 692; x_wconf 84' lang='lat' dir='ltr'>carus,</span> <span class='ocrx_word' id='word_1_61' title='bbox 1601 617 1968 679; x_wconf 77' lang='lat' dir='ltr'>Numantinis</span> <span class='ocrx_word' id='word_1_62' title='bbox 1985 636 2260 680; x_wconf 78' lang='lat' dir='ltr'>maxumo</span> 
     </span>
     <span class='ocr_line' id='line_1_8' title="bbox 80 702 2266 785; baseline -0.001 -17"><span class='ocrx_word' id='word_1_63' title='bbox 80 706 307 774; x_wconf 85' lang='lat' dir='ltr'>terrori</span> <span class='ocrx_word' id='word_1_64' title='bbox 342 713 525 768; x_wconf 83' lang='lat' dir='ltr'>esset.</span> <span class='ocrx_word' id='word_1_65' title='bbox 566 708 655 766; x_wconf 83' lang='lat' dir='ltr'>Ac</span> <span class='ocrx_word' id='word_1_66' title='bbox 675 723 839 779; x_wconf 84' lang='lat' dir='ltr'>sane,</span> <span class='ocrx_word' id='word_1_67' title='bbox 875 703 1032 784; x_wconf 85' lang='lat' dir='ltr'>quod</span> <span class='ocrx_word' id='word_1_68' title='bbox 1060 703 1482 767; x_wconf 69' lang='lat' dir='ltr'>difficiflnmum</span> <span class='ocrx_word' id='word_1_69' title='bbox 1507 703 1566 765; x_wconf 82' lang='lat' dir='ltr'>in</span> <span class='ocrx_word' id='word_1_70' title='bbox 1591 702 1800 782; x_wconf 77' lang='lat' dir='ltr'>primis</span> <span class='ocrx_word' id='word_1_71' title='bbox 1815 709 1923 776; x_wconf 87' lang='lat' dir='ltr'>est,</span> <span class='ocrx_word' id='word_1_72' title='bbox 1957 713 2016 765; x_wconf 87' lang='lat' dir='ltr'>et</span> <span class='ocrx_word' id='word_1_73' title='bbox 2037 705 2266 785; x_wconf 85' lang='lat' dir='ltr'>praelio</span> 
     </span>
     <span class='ocr_line' id='line_1_9' title="bbox 83 789 2264 870; baseline -0.001 -15"><span class='ocrx_word' id='word_1_74' title='bbox 83 802 373 855; x_wconf 86' lang='lat' dir='ltr'>strenuus</span> <span class='ocrx_word' id='word_1_75' title='bbox 412 796 539 852; x_wconf 89' lang='lat' dir='ltr'>erat</span> <span class='ocrx_word' id='word_1_76' title='bbox 576 796 636 852; x_wconf 89' lang='lat' dir='ltr'>et</span> <span class='ocrx_word' id='word_1_77' title='bbox 668 790 867 854; x_wconf 79' lang='lat' dir='ltr'>bonus</span> <span class='ocrx_word' id='word_1_78' title='bbox 904 789 1171 865; x_wconf 85' lang='lat' dir='ltr'>consilio,</span> <span class='ocrx_word' id='word_1_79' title='bbox 1213 808 1464 870; x_wconf 87' lang='lat' dir='ltr'>quorum</span> <span class='ocrx_word' id='word_1_80' title='bbox 1497 790 1746 850; x_wconf 83' lang='lat' dir='ltr'>alterum</span> <span class='ocrx_word' id='word_1_81' title='bbox 1793 806 1864 848; x_wconf 84' lang='lat' dir='ltr'>ex</span> <span class='ocrx_word' id='word_1_82' title='bbox 1895 789 2264 868; x_wconf 75' lang='lat' dir='ltr'>providentia</span> 
     </span>
     <span class='ocr_line' id='line_1_10' title="bbox 83 873 2266 953; baseline -0.002 -12"><span class='ocrx_word' id='word_1_83' title='bbox 83 881 389 950; x_wconf 86' lang='lat' dir='ltr'>timorem,</span> <span class='ocrx_word' id='word_1_84' title='bbox 417 877 667 938; x_wconf 87' lang='lat' dir='ltr'>alterum</span> <span class='ocrx_word' id='word_1_85' title='bbox 688 895 760 937; x_wconf 81' lang='lat' dir='ltr'>ex</span> <span class='ocrx_word' id='word_1_86' title='bbox 774 875 1019 938; x_wconf 85' lang='lat' dir='ltr'>audacia</span> <span class='ocrx_word' id='word_1_87' title='bbox 1045 877 1432 938; x_wconf 72' lang='lat' dir='ltr'><strong>temeritatem</strong></span> <span class='ocrx_word' id='word_1_88' title='bbox 1465 876 1694 938; x_wconf 82' lang='lat' dir='ltr'>adferre</span> <span class='ocrx_word' id='word_1_89' title='bbox 1721 873 2070 953; x_wconf 87' lang='lat' dir='ltr'>plerumque</span> <span class='ocrx_word' id='word_1_90' title='bbox 2094 876 2266 937; x_wconf 86' lang='lat' dir='ltr'>solet.</span> 
     </span>
     <span class='ocr_line' id='line_1_11' title="bbox 86 960 2271 1044; baseline -0.001 -19"><span class='ocrx_word' id='word_1_91' title='bbox 86 965 282 1044; x_wconf 84' lang='lat' dir='ltr'>Igitur</span> <span class='ocrx_word' id='word_1_92' title='bbox 314 961 638 1042; x_wconf 85' lang='lat' dir='ltr'>imperator</span> <span class='ocrx_word' id='word_1_93' title='bbox 672 962 862 1024; x_wconf 87' lang='lat' dir='ltr'>omnis</span> <span class='ocrx_word' id='word_1_94' title='bbox 894 962 1019 1030; x_wconf 86' lang='lat' dir='ltr'>fere</span> <span class='ocrx_word' id='word_1_95' title='bbox 1053 981 1151 1026; x_wconf 81' lang='lat' dir='ltr'>res</span> <span class='ocrx_word' id='word_1_96' title='bbox 1188 979 1430 1042; x_wconf 80' lang='lat' dir='ltr'>asperas</span> <span class='ocrx_word' id='word_1_97' title='bbox 1453 979 1563 1041; x_wconf 84' lang='lat' dir='ltr'>per</span> <span class='ocrx_word' id='word_1_98' title='bbox 1597 960 1938 1039; x_wconf 78' lang='lat' dir='ltr'>Iugurtham</span> <span class='ocrx_word' id='word_1_99' title='bbox 1975 977 2170 1038; x_wconf 78' lang='lat' dir='ltr'>agere,</span> <span class='ocrx_word' id='word_1_100' title='bbox 2203 965 2271 1022; x_wconf 87' lang='lat' dir='ltr'>in</span> 
     </span>
     <span class='ocr_line' id='line_1_12' title="bbox 90 1045 2271 1128; baseline -0.002 -18"><span class='ocrx_word' id='word_1_101' title='bbox 90 1048 301 1110; x_wconf 88' lang='lat' dir='ltr'>amicis</span> <span class='ocrx_word' id='word_1_102' title='bbox 346 1049 585 1123; x_wconf 87' lang='lat' dir='ltr'>habere,</span> <span class='ocrx_word' id='word_1_103' title='bbox 636 1048 823 1128; x_wconf 74' lang='lat' dir='ltr'>magis</span> <span class='ocrx_word' id='word_1_104' title='bbox 858 1047 1159 1127; x_wconf 80' lang='lat' dir='ltr'>magisque</span> <span class='ocrx_word' id='word_1_105' title='bbox 1196 1048 1374 1126; x_wconf 88' lang='lat' dir='ltr'>[eum]</span> <span class='ocrx_word' id='word_1_106' title='bbox 1415 1047 1474 1108; x_wconf 86' lang='lat' dir='ltr'>in</span> <span class='ocrx_word' id='word_1_107' title='bbox 1533 1047 1665 1108; x_wconf 85' lang='lat' dir='ltr'>dies</span> <span class='ocrx_word' id='word_1_108' title='bbox 1711 1045 2003 1125; x_wconf 80' lang='lat' dir='ltr'>amplecti,</span> <span class='ocrx_word' id='word_1_109' title='bbox 2047 1046 2271 1126; x_wconf 76' lang='lat' dir='ltr'>quippe</span> 
     </span>
     <span class='ocr_line' id='line_1_13' title="bbox 92 1131 2275 1214; baseline -0.002 -16"><span class='ocrx_word' id='word_1_110' title='bbox 92 1135 264 1198; x_wconf 90' lang='lat' dir='ltr'>cuius</span> <span class='ocrx_word' id='word_1_111' title='bbox 302 1151 499 1213; x_wconf 88' lang='lat' dir='ltr'>neque</span> <span class='ocrx_word' id='word_1_112' title='bbox 536 1134 848 1198; x_wconf 85' lang='lat' dir='ltr'>consilium</span> <span class='ocrx_word' id='word_1_113' title='bbox 882 1151 1077 1214; x_wconf 83' lang='lat' dir='ltr'>neque</span> <span class='ocrx_word' id='word_1_114' title='bbox 1112 1134 1418 1212; x_wconf 81' lang='lat' dir='ltr'>,inceptum</span> <span class='ocrx_word' id='word_1_115' title='bbox 1467 1132 1648 1194; x_wconf 88' lang='lat' dir='ltr'>ullum</span> <span class='ocrx_word' id='word_1_116' title='bbox 1681 1133 1902 1194; x_wconf 79' lang='lat' dir='ltr'>frustra</span> <span class='ocrx_word' id='word_1_117' title='bbox 1933 1139 2078 1192; x_wconf 76' lang='lat' dir='ltr'>erat.</span> <span class='ocrx_word' id='word_1_118' title='bbox 2139 1131 2275 1193; x_wconf 73' lang='lat' dir='ltr'>lise</span> 
     </span>
     <span class='ocr_line' id='line_1_14' title="bbox 90 1211 2274 1296; baseline -0.002 -14"><span class='ocrx_word' id='word_1_119' title='bbox 90 1219 418 1282; x_wconf 79' lang='lat' dir='ltr'>accedebat</span> <span class='ocrx_word' id='word_1_120' title='bbox 441 1219 841 1282; x_wconf 83' lang='lat' dir='ltr'>munificentia</span> <span class='ocrx_word' id='word_1_121' title='bbox 864 1219 1043 1280; x_wconf 85' lang='lat' dir='ltr'>animi</span> <span class='ocrx_word' id='word_1_122' title='bbox 1072 1211 1380 1296; x_wconf 78' lang='lat' dir='ltr'>et‘ingenii</span> <span class='ocrx_word' id='word_1_123' title='bbox 1409 1218 1664 1291; x_wconf 77' lang='lat' dir='ltr'>solertia,</span> <span class='ocrx_word' id='word_1_124' title='bbox 1693 1217 1912 1296; x_wconf 82' lang='lat' dir='ltr'>quibus</span> <span class='ocrx_word' id='word_1_125' title='bbox 1942 1217 2124 1279; x_wconf 81' lang='lat' dir='ltr'>rebus</span> <span class='ocrx_word' id='word_1_126' title='bbox 2155 1215 2274 1278; x_wconf 82' lang='lat' dir='ltr'>sibi</span> 
     </span>
     <span class='ocr_line' id='line_1_15' title="bbox 93 1301 1722 1370; baseline -0.004 0"><span class='ocrx_word' id='word_1_127' title='bbox 93 1307 327 1370; x_wconf 77' lang='lat' dir='ltr'>,multos</span> <span class='ocrx_word' id='word_1_128' title='bbox 354 1324 425 1366; x_wconf 84' lang='lat' dir='ltr'>ex</span> <span class='ocrx_word' id='word_1_129' title='bbox 448 1304 735 1366; x_wconf 85' lang='lat' dir='ltr'>Romanis</span> <span class='ocrx_word' id='word_1_130' title='bbox 760 1304 1025 1366; x_wconf 76' lang='lat' dir='ltr'><strong>familiari</strong></span> <span class='ocrx_word' id='word_1_131' title='bbox 1044 1301 1294 1366; x_wconf 86' lang='lat' dir='ltr'>amicitia</span> <span class='ocrx_word' id='word_1_132' title='bbox 1323 1304 1722 1366; x_wconf 76' lang='lat' dir='ltr'>coniunxerat.</span> 
     </span>
    </p>

    <p class='ocr_par' dir='ltr' id='par_1_4' title="bbox 96 1380 2374 2583">
     <span class='ocr_line' id='line_1_16' title="bbox 226 1380 2270 1469; baseline -0.001 -17"><span class='ocrx_word' id='word_1_133' title='bbox 226 1391 387 1469; x_wconf 84' lang='lat' dir='ltr'>Cap.</span> <span class='ocrx_word' id='word_1_134' title='bbox 412 1390 563 1451; x_wconf 87' lang='lat' dir='ltr'><strong>VIII.</strong></span> <span class='ocrx_word' id='word_1_135' title='bbox 587 1381 691 1452; x_wconf 77' lang='lat' dir='ltr'>&#39;&#39;Ea</span> <span class='ocrx_word' id='word_1_136' title='bbox 725 1380 1073 1468; x_wconf 70' lang='lat' dir='ltr'>tempestate</span> <span class='ocrx_word' id='word_1_137' title='bbox 1106 1390 1169 1450; x_wconf 81' lang='lat' dir='ltr'>in</span> <span class='ocrx_word' id='word_1_138' title='bbox 1209 1390 1466 1452; x_wconf 81' lang='lat' dir='ltr'>exercitu</span> <span class='ocrx_word' id='word_1_139' title='bbox 1491 1397 1697 1452; x_wconf 84' lang='lat' dir='ltr'>nostro</span> <span class='ocrx_word' id='word_1_140' title='bbox 1733 1390 1898 1450; x_wconf 80' lang='lat' dir='ltr'>suere</span> <span class='ocrx_word' id='word_1_141' title='bbox 1933 1389 2270 1469; x_wconf 75' lang='lat' dir='ltr'>complures</span> 
     </span>
     <span class='ocr_line' id='line_1_17' title="bbox 96 1473 2277 1556; baseline -0.001 -18"><span class='ocrx_word' id='word_1_142' title='bbox 96 1477 238 1538; x_wconf 88' lang='lat' dir='ltr'>novi</span> <span class='ocrx_word' id='word_1_143' title='bbox 264 1482 439 1555; x_wconf 87' lang='lat' dir='ltr'>atque</span> <span class='ocrx_word' id='word_1_144' title='bbox 462 1475 709 1550; x_wconf 87' lang='lat' dir='ltr'>nobiles,</span> <span class='ocrx_word' id='word_1_145' title='bbox 732 1475 949 1556; x_wconf 84' lang='lat' dir='ltr'>quibus</span> <span class='ocrx_word' id='word_1_146' title='bbox 968 1475 1199 1538; x_wconf 84' lang='lat' dir='ltr'>divitiae</span> <span class='ocrx_word' id='word_1_147' title='bbox 1217 1477 1380 1538; x_wconf 89' lang='lat' dir='ltr'>bono</span> <span class='ocrx_word' id='word_1_148' title='bbox 1402 1476 1774 1554; x_wconf 85' lang='lat' dir='ltr'>honestoque</span> <span class='ocrx_word' id='word_1_149' title='bbox 1799 1473 2064 1554; x_wconf 82' lang='lat' dir='ltr'>potiores</span> <span class='ocrx_word' id='word_1_150' title='bbox 2085 1481 2277 1548; x_wconf 80' lang='lat' dir='ltr'>erant,</span> 
     </span>
     <span class='ocr_line' id='line_1_18' title="bbox 102 1561 2271 1642; baseline -0.002 -18"><span class='ocrx_word' id='word_1_151' title='bbox 102 1561 339 1624; x_wconf 80' lang='lat' dir='ltr'>factiosi</span> <span class='ocrx_word' id='word_1_152' title='bbox 374 1561 561 1636; x_wconf 88' lang='lat' dir='ltr'>domi,</span> <span class='ocrx_word' id='word_1_153' title='bbox 608 1569 883 1642; x_wconf 87' lang='lat' dir='ltr'>potentes</span> <span class='ocrx_word' id='word_1_154' title='bbox 918 1563 1075 1640; x_wconf 90' lang='lat' dir='ltr'>apud</span> <span class='ocrx_word' id='word_1_155' title='bbox 1124 1562 1348 1635; x_wconf 85' lang='lat' dir='ltr'>socios,</span> <span class='ocrx_word' id='word_1_156' title='bbox 1407 1561 1546 1622; x_wconf 86' lang='lat' dir='ltr'>clari</span> <span class='ocrx_word' id='word_1_157' title='bbox 1579 1561 1768 1638; x_wconf 78' lang='lat' dir='ltr'>magis</span> <span class='ocrx_word' id='word_1_158' title='bbox 1804 1578 1980 1639; x_wconf 88' lang='lat' dir='ltr'>quam</span> <span class='ocrx_word' id='word_1_159' title='bbox 2013 1561 2271 1634; x_wconf 82' lang='lat' dir='ltr'>honesti,</span> 
     </span>
     <span class='ocr_line' id='line_1_19' title="bbox 99 1646 2280 1728; baseline -0.001 -19"><span class='ocrx_word' id='word_1_160' title='bbox 99 1647 201 1728; x_wconf 86' lang='lat' dir='ltr'>qui</span> <span class='ocrx_word' id='word_1_161' title='bbox 242 1648 559 1726; x_wconf 79' lang='lat' dir='ltr'>Iugurthae</span> <span class='ocrx_word' id='word_1_162' title='bbox 600 1667 723 1710; x_wconf 90' lang='lat' dir='ltr'>non</span> <span class='ocrx_word' id='word_1_163' title='bbox 754 1647 1115 1718; x_wconf 72' lang='lat' dir='ltr'>mediocrem</span> <span class='ocrx_word' id='word_1_164' title='bbox 1146 1647 1408 1708; x_wconf 82' lang='lat' dir='ltr'>animum</span> <span class='ocrx_word' id='word_1_165' title='bbox 1435 1646 1812 1726; x_wconf 76' lang='lat' dir='ltr'>pollicitando</span> <span class='ocrx_word' id='word_1_166' title='bbox 1837 1647 2280 1721; x_wconf 78' lang='lat' dir='ltr'>accendebant;</span> 
     </span>
     <span class='ocr_line' id='line_1_20' title="bbox 100 1729 2374 1824; baseline -0.001 -29"><span class='ocrx_word' id='word_1_167' title='bbox 100 1733 155 1795; x_wconf 89' lang='lat' dir='ltr'>si</span> <span class='ocrx_word' id='word_1_168' title='bbox 177 1733 419 1813; x_wconf 86' lang='lat' dir='ltr'>Micipsa</span> <span class='ocrx_word' id='word_1_169' title='bbox 438 1751 547 1794; x_wconf 81' lang='lat' dir='ltr'>rex</span> <span class='ocrx_word' id='word_1_170' title='bbox 566 1733 898 1807; x_wconf 87' lang='lat' dir='ltr'>occidisset,</span> <span class='ocrx_word' id='word_1_171' title='bbox 920 1734 1069 1804; x_wconf 82' lang='lat' dir='ltr'>fore,</span> <span class='ocrx_word' id='word_1_172' title='bbox 1091 1731 1175 1792; x_wconf 85' lang='lat' dir='ltr'>uti</span> <span class='ocrx_word' id='word_1_173' title='bbox 1194 1731 1360 1794; x_wconf 88' lang='lat' dir='ltr'>solus</span> <span class='ocrx_word' id='word_1_174' title='bbox 1377 1731 1609 1812; x_wconf 83' lang='lat' dir='ltr'>imperii</span> <span class='ocrx_word' id='word_1_175' title='bbox 1627 1729 1936 1792; x_wconf 81' lang='lat' dir='ltr'>Numidiae</span> <span class='ocrx_word' id='word_1_176' title='bbox 1955 1732 2276 1809; x_wconf 78' lang='lat' dir='ltr'>potiretur3</span> <span class='ocrx_word' id='word_1_177' title='bbox 2361 1801 2374 1824; x_wconf 27' lang='grc' dir='ltr'><strong>Ἴ</strong></span> 
     </span>
     <span class='ocr_line' id='line_1_21' title="bbox 100 1817 2276 1898; baseline -0.001 -17"><span class='ocrx_word' id='word_1_178' title='bbox 100 1819 319 1898; x_wconf 86' lang='lat' dir='ltr'>inipso</span> <span class='ocrx_word' id='word_1_179' title='bbox 352 1836 687 1880; x_wconf 79' lang='lat' dir='ltr'>maxumam</span> <span class='ocrx_word' id='word_1_180' title='bbox 717 1818 1017 1892; x_wconf 82' lang='lat' dir='ltr'>virtutem,</span> <span class='ocrx_word' id='word_1_181' title='bbox 1042 1817 1268 1880; x_wconf 87' lang='lat' dir='ltr'>Romae</span> <span class='ocrx_word' id='word_1_182' title='bbox 1291 1817 1488 1880; x_wconf 68' lang='lat' dir='ltr'>omitia</span> <span class='ocrx_word' id='word_1_183' title='bbox 1511 1817 1732 1880; x_wconf 82' lang='lat' dir='ltr'>venalia</span> <span class='ocrx_word' id='word_1_184' title='bbox 1759 1833 1916 1878; x_wconf 85' lang='lat' dir='ltr'>esse.</span> <span class='ocrx_word' id='word_1_185' title='bbox 1962 1817 2082 1878; x_wconf 84' lang='lat' dir='ltr'>Sed</span> <span class='ocrx_word' id='word_1_186' title='bbox 2103 1823 2276 1896; x_wconf 79' lang='lat' dir='ltr'>post-</span> 
     </span>
     <span class='ocr_line' id='line_1_22' title="bbox 104 1901 2280 1985; baseline -0.001 -20"><span class='ocrx_word' id='word_1_187' title='bbox 104 1923 283 1985; x_wconf 85' lang='lat' dir='ltr'>quam</span> <span class='ocrx_word' id='word_1_188' title='bbox 314 1903 629 1965; x_wconf 78' lang='lat' dir='ltr'>Numantia</span> <span class='ocrx_word' id='word_1_189' title='bbox 676 1903 867 1966; x_wconf 86' lang='lat' dir='ltr'>deleta</span> <span class='ocrx_word' id='word_1_190' title='bbox 894 1904 960 1965; x_wconf 90' lang='lat' dir='ltr'>P.</span> <span class='ocrx_word' id='word_1_191' title='bbox 996 1903 1195 1984; x_wconf 80' lang='lat' dir='ltr'>Scipio</span> <span class='ocrx_word' id='word_1_192' title='bbox 1233 1903 1520 1967; x_wconf 82' lang='lat' dir='ltr'>dimittere</span> <span class='ocrx_word' id='word_1_193' title='bbox 1555 1903 1766 1967; x_wconf 80' lang='lat' dir='ltr'>auxilia</span> <span class='ocrx_word' id='word_1_194' title='bbox 1798 1909 1858 1963; x_wconf 85' lang='lat' dir='ltr'>et</span> <span class='ocrx_word' id='word_1_195' title='bbox 1887 1901 2018 1982; x_wconf 85' lang='lat' dir='ltr'>ipse</span> <span class='ocrx_word' id='word_1_196' title='bbox 2055 1902 2280 1965; x_wconf 81' lang='lat' dir='ltr'>revorti</span> 
     </span>
     <span class='ocr_line' id='line_1_23' title="bbox 105 1988 2282 2071; baseline -0.001 -20"><span class='ocrx_word' id='word_1_197' title='bbox 105 1992 345 2051; x_wconf 86' lang='lat' dir='ltr'>domum</span> <span class='ocrx_word' id='word_1_198' title='bbox 376 1988 665 2063; x_wconf 85' lang='lat' dir='ltr'>decrevit,</span> <span class='ocrx_word' id='word_1_199' title='bbox 693 1990 971 2053; x_wconf 87' lang='lat' dir='ltr'>donatum</span> <span class='ocrx_word' id='word_1_200' title='bbox 1000 2000 1175 2069; x_wconf 86' lang='lat' dir='ltr'>atque</span> <span class='ocrx_word' id='word_1_201' title='bbox 1199 1991 1496 2057; x_wconf 81' lang='lat' dir='ltr'>laudatum</span> <span class='ocrx_word' id='word_1_202' title='bbox 1521 1990 1834 2071; x_wconf 76' lang='lat' dir='ltr'>magnifiee</span> <span class='ocrx_word' id='word_1_203' title='bbox 1853 2008 1966 2069; x_wconf 81' lang='lat' dir='ltr'>pro</span> <span class='ocrx_word' id='word_1_204' title='bbox 1989 1989 2282 2051; x_wconf 72' lang='lat' dir='ltr'>concione</span> 
     </span>
     <span class='ocr_line' id='line_1_24' title="bbox 102 2074 2280 2157; baseline 0 -21"><span class='ocrx_word' id='word_1_205' title='bbox 102 2075 447 2154; x_wconf 82' lang='lat' dir='ltr'>Iugurtham</span> <span class='ocrx_word' id='word_1_206' title='bbox 473 2075 537 2137; x_wconf 87' lang='lat' dir='ltr'>in</span> <span class='ocrx_word' id='word_1_207' title='bbox 570 2077 931 2155; x_wconf 77' lang='lat' dir='ltr'>praetorium</span> <span class='ocrx_word' id='word_1_208' title='bbox 962 2076 1204 2139; x_wconf 83' lang='lat' dir='ltr'>adduxit</span> <span class='ocrx_word' id='word_1_209' title='bbox 1222 2076 1420 2157; x_wconf 88' lang='lat' dir='ltr'>ibique</span> <span class='ocrx_word' id='word_1_210' title='bbox 1445 2086 1680 2139; x_wconf 83' lang='lat' dir='ltr'>secreto</span> <span class='ocrx_word' id='word_1_211' title='bbox 1702 2075 1956 2150; x_wconf 86' lang='lat' dir='ltr'>monuit,</span> <span class='ocrx_word' id='word_1_212' title='bbox 1987 2074 2280 2155; x_wconf 74' lang='lat' dir='ltr'>utpotius</span> 
     </span>
     <span class='ocr_line' id='line_1_25' title="bbox 106 2160 2282 2243; baseline -0 -21"><span class='ocrx_word' id='word_1_213' title='bbox 106 2160 345 2241; x_wconf 85' lang='lat' dir='ltr'>publice</span> <span class='ocrx_word' id='word_1_214' title='bbox 373 2180 549 2240; x_wconf 90' lang='lat' dir='ltr'>quam</span> <span class='ocrx_word' id='word_1_215' title='bbox 568 2162 835 2241; x_wconf 85' lang='lat' dir='ltr'>privatim</span> <span class='ocrx_word' id='word_1_216' title='bbox 856 2163 1169 2225; x_wconf 85' lang='lat' dir='ltr'>amicitiam</span> <span class='ocrx_word' id='word_1_217' title='bbox 1196 2163 1400 2243; x_wconf 80' lang='lat' dir='ltr'>populi</span> <span class='ocrx_word' id='word_1_218' title='bbox 1421 2164 1502 2227; x_wconf 86' lang='lat' dir='ltr'>R.·</span> <span class='ocrx_word' id='word_1_219' title='bbox 1512 2163 1748 2236; x_wconf 79' lang='lat' dir='ltr'>coleret,</span> <span class='ocrx_word' id='word_1_220' title='bbox 1771 2180 1892 2222; x_wconf 84' lang='lat' dir='ltr'>neu</span> <span class='ocrx_word' id='word_1_221' title='bbox 1919 2160 2134 2239; x_wconf 87' lang='lat' dir='ltr'>quibus</span> <span class='ocrx_word' id='word_1_222' title='bbox 2159 2160 2282 2222; x_wconf 88' lang='lat' dir='ltr'>lar-</span> 
     </span>
     <span class='ocr_line' id='line_1_26' title="bbox 109 2244 2284 2328; baseline 0 -22"><span class='ocrx_word' id='word_1_223' title='bbox 109 2246 217 2325; x_wconf 86' lang='lat' dir='ltr'>giri</span> <span class='ocrx_word' id='word_1_224' title='bbox 244 2246 639 2321; x_wconf 86' lang='lat' dir='ltr'>insuesceret,</span> <span class='ocrx_word' id='word_1_225' title='bbox 664 2248 996 2327; x_wconf 79' lang='lat' dir='ltr'>periculose</span> <span class='ocrx_word' id='word_1_226' title='bbox 1020 2267 1057 2310; x_wconf 88' lang='lat' dir='ltr'>a</span> <span class='ocrx_word' id='word_1_227' title='bbox 1078 2249 1280 2328; x_wconf 81' lang='lat' dir='ltr'>paucis</span> <span class='ocrx_word' id='word_1_228' title='bbox 1306 2249 1454 2320; x_wconf 82' lang='lat' dir='ltr'>emi,</span> <span class='ocrx_word' id='word_1_229' title='bbox 1481 2249 1640 2327; x_wconf 88' lang='lat' dir='ltr'>quod</span> <span class='ocrx_word' id='word_1_230' title='bbox 1664 2249 1984 2309; x_wconf 80' lang='lat' dir='ltr'>multorum</span> <span class='ocrx_word' id='word_1_231' title='bbox 2010 2251 2200 2320; x_wconf 76' lang='lat' dir='ltr'>esset3</span> <span class='ocrx_word' id='word_1_232' title='bbox 2229 2244 2284 2306; x_wconf 81' lang='lat' dir='ltr'>si</span> 
     </span>
     <span class='ocr_line' id='line_1_27' title="bbox 108 2332 2280 2413; baseline -0 -20"><span class='ocrx_word' id='word_1_233' title='bbox 108 2350 457 2413; x_wconf 87' lang='lat' dir='ltr'>permanere</span> <span class='ocrx_word' id='word_1_234' title='bbox 492 2332 667 2394; x_wconf 83' lang='lat' dir='ltr'>vellet</span> <span class='ocrx_word' id='word_1_235' title='bbox 704 2332 767 2395; x_wconf 88' lang='lat' dir='ltr'>in</span> <span class='ocrx_word' id='word_1_236' title='bbox 811 2334 942 2412; x_wconf 41' lang='lat' dir='ltr'>suis,</span> <span class='ocrx_word' id='word_1_237' title='bbox 962 2334 1216 2407; x_wconf 86' lang='lat' dir='ltr'>artibus,</span> <span class='ocrx_word' id='word_1_238' title='bbox 1253 2334 1408 2397; x_wconf 80' lang='lat' dir='ltr'>ultro</span> <span class='ocrx_word' id='word_1_239' title='bbox 1444 2334 1528 2395; x_wconf 86' lang='lat' dir='ltr'>illi</span> <span class='ocrx_word' id='word_1_240' title='bbox 1556 2342 1616 2395; x_wconf 85' lang='lat' dir='ltr'>et</span> <span class='ocrx_word' id='word_1_241' title='bbox 1661 2332 1906 2411; x_wconf 82' lang='lat' dir='ltr'>gloriam</span> <span class='ocrx_word' id='word_1_242' title='bbox 1941 2338 1997 2391; x_wconf 88' lang='lat' dir='ltr'>et</span> <span class='ocrx_word' id='word_1_243' title='bbox 2029 2348 2280 2410; x_wconf 78' lang='lat' dir='ltr'>regnum</span> 
     </span>
     <span class='ocr_line' id='line_1_28' title="bbox 106 2413 2282 2499; baseline 0 -20"><span class='ocrx_word' id='word_1_244' title='bbox 106 2424 438 2491; x_wconf 85' lang='lat' dir='ltr'>venturum,</span> <span class='ocrx_word' id='word_1_245' title='bbox 470 2417 561 2479; x_wconf 88' lang='lat' dir='ltr'>sin</span> <span class='ocrx_word' id='word_1_246' title='bbox 581 2419 996 2498; x_wconf 82' lang='lat' dir='ltr'>properantius</span> <span class='ocrx_word' id='word_1_247' title='bbox 1016 2427 1308 2499; x_wconf 73' lang='lat' dir='ltr'>pergeret,</span> <span class='ocrx_word' id='word_1_248' title='bbox 1337 2426 1570 2481; x_wconf 86' lang='lat' dir='ltr'>suamet</span> <span class='ocrx_word' id='word_1_249' title='bbox 1595 2413 1793 2499; x_wconf 83' lang='lat' dir='ltr'>ipsum</span> <span class='ocrx_word' id='word_1_250' title='bbox 1823 2416 2074 2497; x_wconf 85' lang='lat' dir='ltr'>pecunia</span> <span class='ocrx_word' id='word_1_251' title='bbox 2103 2433 2282 2497; x_wconf 80' lang='lat' dir='ltr'>prae-</span> 
     </span>
     <span class='ocr_line' id='line_1_29' title="bbox 114 2502 1246 2583; baseline 0 -18"><span class='ocrx_word' id='word_1_252' title='bbox 114 2502 347 2583; x_wconf 86' lang='lat' dir='ltr'>cipitem</span> <span class='ocrx_word' id='word_1_253' title='bbox 374 2520 665 2565; x_wconf 84' lang='lat' dir='ltr'>casurum.</span> <span class='ocrx_word' id='word_1_254' title='bbox 1241 2538 1246 2549; x_wconf 52' lang='grc' dir='ltr'>ι</span> 
     </span>
    </p>

    <p class='ocr_par' dir='ltr' id='par_1_5' title="bbox 112 2588 2290 3439">
     <span class='ocr_line' id='line_1_30' title="bbox 240 2588 2284 2670; baseline 0 -22"><span class='ocrx_word' id='word_1_255' title='bbox 240 2589 326 2648; x_wconf 86' lang='lat' dir='ltr'>Ca</span> <span class='ocrx_word' id='word_1_256' title='bbox 336 2608 397 2669; x_wconf 83' lang='lat' dir='ltr'>p.</span> <span class='ocrx_word' id='word_1_257' title='bbox 422 2588 523 2650; x_wconf 86' lang='lat' dir='ltr'>IX.</span> <span class='ocrx_word' id='word_1_258' title='bbox 568 2588 669 2650; x_wconf 90' lang='lat' dir='ltr'>Sic</span> <span class='ocrx_word' id='word_1_259' title='bbox 695 2589 927 2651; x_wconf 87' lang='lat' dir='ltr'>locutus</span> <span class='ocrx_word' id='word_1_260' title='bbox 966 2608 1099 2653; x_wconf 87' lang='lat' dir='ltr'>cum</span> <span class='ocrx_word' id='word_1_261' title='bbox 1124 2588 1310 2653; x_wconf 86' lang='lat' dir='ltr'>literis</span> <span class='ocrx_word' id='word_1_262' title='bbox 1331 2606 1484 2663; x_wconf 82' lang='lat' dir='ltr'>eum,</span> <span class='ocrx_word' id='word_1_263' title='bbox 1523 2608 1670 2670; x_wconf 80' lang='lat' dir='ltr'>quas</span> <span class='ocrx_word' id='word_1_264' title='bbox 1689 2588 1968 2669; x_wconf 77' lang='lat' dir='ltr'>Micipsae</span> <span class='ocrx_word' id='word_1_265' title='bbox 1983 2588 2284 2662; x_wconf 84' lang='lat' dir='ltr'>redderet,</span> 
     </span>
     <span class='ocr_line' id='line_1_31' title="bbox 114 2672 2288 2755; baseline 0 -22"><span class='ocrx_word' id='word_1_266' title='bbox 114 2672 365 2748; x_wconf 81' lang='lat' dir='ltr'>dimisit3</span> <span class='ocrx_word' id='word_1_267' title='bbox 400 2693 601 2737; x_wconf 86' lang='lat' dir='ltr'>earum</span> <span class='ocrx_word' id='word_1_268' title='bbox 624 2675 913 2737; x_wconf 86' lang='lat' dir='ltr'>sententia</span> <span class='ocrx_word' id='word_1_269' title='bbox 932 2676 1083 2737; x_wconf 87' lang='lat' dir='ltr'>haec</span> <span class='ocrx_word' id='word_1_270' title='bbox 1110 2685 1266 2739; x_wconf 88' lang='lat' dir='ltr'>erat:</span> <span class='ocrx_word' id='word_1_271' title='bbox 1307 2676 1624 2755; x_wconf 81' lang='lat' dir='ltr'>Iugurthae</span> <span class='ocrx_word' id='word_1_272' title='bbox 1645 2677 1728 2739; x_wconf 86' lang='lat' dir='ltr'>tui</span> <span class='ocrx_word' id='word_1_273' title='bbox 1745 2676 1899 2739; x_wconf 89' lang='lat' dir='ltr'>bello</span> <span class='ocrx_word' id='word_1_274' title='bbox 1924 2674 2288 2736; x_wconf 76' lang='lat' dir='ltr'>Numantino</span> 
     </span>
     <span class='ocr_line' id='line_1_32' title="bbox 112 2758 2286 2842; baseline 0 -23"><span class='ocrx_word' id='word_1_275' title='bbox 112 2758 289 2835; x_wconf 86' lang='lat' dir='ltr'>longe</span> <span class='ocrx_word' id='word_1_276' title='bbox 320 2758 591 2823; x_wconf 84' lang='lat' dir='ltr'>maxuma</span> <span class='ocrx_word' id='word_1_277' title='bbox 628 2762 813 2824; x_wconf 87' lang='lat' dir='ltr'>virtus</span> <span class='ocrx_word' id='word_1_278' title='bbox 848 2761 984 2838; x_wconf 84' lang='lat' dir='ltr'>fuit,</span> <span class='ocrx_word' id='word_1_279' title='bbox 1020 2780 1194 2842; x_wconf 87' lang='lat' dir='ltr'>quam</span> <span class='ocrx_word' id='word_1_280' title='bbox 1231 2781 1356 2823; x_wconf 85' lang='lat' dir='ltr'>rem</span> <span class='ocrx_word' id='word_1_281' title='bbox 1391 2762 1698 2825; x_wconf 77' lang='lat' dir='ltr'>tibi-certo</span> <span class='ocrx_word' id='word_1_282' title='bbox 1735 2762 1857 2823; x_wconf 80' lang='lat' dir='ltr'>seio</span> <span class='ocrx_word' id='word_1_283' title='bbox 1879 2760 2092 2839; x_wconf 78' lang='lat' dir='ltr'>gaudio</span> <span class='ocrx_word' id='word_1_284' title='bbox 2114 2776 2286 2834; x_wconf 64' lang='lat' dir='ltr'>esseg</span> 
     </span>
     <span class='ocr_line' id='line_1_33' title="bbox 115 2842 2288 2925; baseline -0 -20"><span class='ocrx_word' id='word_1_285' title='bbox 115 2842 288 2905; x_wconf 88' lang='lat' dir='ltr'>nobis</span> <span class='ocrx_word' id='word_1_286' title='bbox 328 2845 403 2905; x_wconf 90' lang='lat' dir='ltr'>ob</span> <span class='ocrx_word' id='word_1_287' title='bbox 441 2848 646 2909; x_wconf 86' lang='lat' dir='ltr'>merita</span> <span class='ocrx_word' id='word_1_288' title='bbox 688 2864 795 2919; x_wconf 84' lang='lat' dir='ltr'>sua</span> <span class='ocrx_word' id='word_1_289' title='bbox 830 2865 1003 2909; x_wconf 84' lang='lat' dir='ltr'>carus</span> <span class='ocrx_word' id='word_1_290' title='bbox 1042 2857 1159 2922; x_wconf 79' lang='lat' dir='ltr'>est,</span> <span class='ocrx_word' id='word_1_291' title='bbox 1205 2857 1272 2910; x_wconf 87' lang='lat' dir='ltr'>ut</span> <span class='ocrx_word' id='word_1_292' title='bbox 1315 2848 1473 2909; x_wconf 87' lang='lat' dir='ltr'>idem</span> <span class='ocrx_word' id='word_1_293' title='bbox 1515 2847 1746 2909; x_wconf 83' lang='lat' dir='ltr'>senatui</span> <span class='ocrx_word' id='word_1_294' title='bbox 1781 2847 2123 2925; x_wconf 85' lang='lat' dir='ltr'>populoque</span> <span class='ocrx_word' id='word_1_295' title='bbox 2159 2844 2288 2905; x_wconf 83' lang='lat' dir='ltr'>Ro-</span> 
     </span>
     <span class='ocr_line' id='line_1_34' title="bbox 115 2930 2286 3013; baseline 0 -22"><span class='ocrx_word' id='word_1_296' title='bbox 115 2943 291 2991; x_wconf 87' lang='lat' dir='ltr'>mano</span> <span class='ocrx_word' id='word_1_297' title='bbox 312 2930 403 3003; x_wconf 86' lang='lat' dir='ltr'>sit,</span> <span class='ocrx_word' id='word_1_298' title='bbox 423 2950 655 2996; x_wconf 87' lang='lat' dir='ltr'>summa</span> <span class='ocrx_word' id='word_1_299' title='bbox 674 2952 789 3013; x_wconf 85' lang='lat' dir='ltr'>ope</span> <span class='ocrx_word' id='word_1_300' title='bbox 806 2933 1079 2997; x_wconf 83' lang='lat' dir='ltr'>nitemur.</span> <span class='ocrx_word' id='word_1_301' title='bbox 1123 2934 1254 2996; x_wconf 86' lang='lat' dir='ltr'>Tibi</span> <span class='ocrx_word' id='word_1_302' title='bbox 1273 2933 1508 3011; x_wconf 87' lang='lat' dir='ltr'>quidem</span> <span class='ocrx_word' id='word_1_303' title='bbox 1527 2952 1638 3013; x_wconf 84' lang='lat' dir='ltr'>pro</span> <span class='ocrx_word' id='word_1_304' title='bbox 1655 2940 1857 2995; x_wconf 81' lang='lat' dir='ltr'>nostra</span> <span class='ocrx_word' id='word_1_305' title='bbox 1877 2930 2130 2991; x_wconf 85' lang='lat' dir='ltr'>amicitia</span> <span class='ocrx_word' id='word_1_306' title='bbox 2150 2948 2286 3008; x_wconf 79' lang='lat' dir='ltr'>gra·-</span> 
     </span>
     <span class='ocr_line' id='line_1_35' title="bbox 115 3016 2288 3098; baseline 0 -22"><span class='ocrx_word' id='word_1_307' title='bbox 115 3016 409 3090; x_wconf 79' lang='lat' dir='ltr'>tulor3en</span> <span class='ocrx_word' id='word_1_308' title='bbox 441 3016 625 3078; x_wconf 89' lang='lat' dir='ltr'>habes</span> <span class='ocrx_word' id='word_1_309' title='bbox 664 3018 851 3084; x_wconf 87' lang='lat' dir='ltr'>virum</span> <span class='ocrx_word' id='word_1_310' title='bbox 884 3019 1125 3098; x_wconf 80' lang='lat' dir='ltr'>dignum</span> <span class='ocrx_word' id='word_1_311' title='bbox 1161 3026 1222 3079; x_wconf 86' lang='lat' dir='ltr'>te</span> <span class='ocrx_word' id='word_1_312' title='bbox 1260 3026 1436 3097; x_wconf 81' lang='lat' dir='ltr'>atque</span> <span class='ocrx_word' id='word_1_313' title='bbox 1460 3037 1569 3080; x_wconf 84' lang='lat' dir='ltr'>avo</span> <span class='ocrx_word' id='word_1_314' title='bbox 1595 3036 1706 3081; x_wconf 83' lang='lat' dir='ltr'>suo</span> <span class='ocrx_word' id='word_1_315' title='bbox 1729 3016 2057 3079; x_wconf 76' lang='lat' dir='ltr'>Masinissa.</span> <span class='ocrx_word' id='word_1_316' title='bbox 2101 3017 2288 3095; x_wconf 79' lang='lat' dir='ltr'>Igitur</span> 
     </span>
     <span class='ocr_line' id='line_1_36' title="bbox 118 3100 2290 3185; baseline -0.001 -22"><span class='ocrx_word' id='word_1_317' title='bbox 118 3120 257 3175; x_wconf 85' lang='lat' dir='ltr'>rex,</span> <span class='ocrx_word' id='word_1_318' title='bbox 299 3100 400 3163; x_wconf 89' lang='lat' dir='ltr'>ubi</span> <span class='ocrx_word' id='word_1_319' title='bbox 435 3120 531 3177; x_wconf 88' lang='lat' dir='ltr'>ea,</span> <span class='ocrx_word' id='word_1_320' title='bbox 574 3122 725 3181; x_wconf 85' lang='lat' dir='ltr'>quae</span> <span class='ocrx_word' id='word_1_321' title='bbox 765 3104 919 3165; x_wconf 83' lang='lat' dir='ltr'>fama</span> <span class='ocrx_word' id='word_1_322' title='bbox 953 3113 1298 3185; x_wconf 82' lang='lat' dir='ltr'>acceperat,</span> <span class='ocrx_word' id='word_1_323' title='bbox 1335 3122 1408 3165; x_wconf 86' lang='lat' dir='ltr'>ex</span> <span class='ocrx_word' id='word_1_324' title='bbox 1439 3104 1632 3167; x_wconf 43' lang='lat' dir='ltr'>&#39;litelis</span> <span class='ocrx_word' id='word_1_325' title='bbox 1656 3103 2026 3181; x_wconf 84' lang='lat' dir='ltr'>imperatoris</span> <span class='ocrx_word' id='word_1_326' title='bbox 2049 3103 2127 3163; x_wconf 89' lang='lat' dir='ltr'>ita</span> <span class='ocrx_word' id='word_1_327' title='bbox 2147 3118 2290 3162; x_wconf 82' lang='lat' dir='ltr'>esse</span> 
     </span>
     <span class='ocr_line' id='line_1_37' title="bbox 122 3187 2288 3269; baseline -0.001 -20"><span class='ocrx_word' id='word_1_328' title='bbox 122 3187 409 3267; x_wconf 79' lang='lat' dir='ltr'>cognovit,</span> <span class='ocrx_word' id='word_1_329' title='bbox 436 3206 569 3249; x_wconf 91' lang='lat' dir='ltr'>cum</span> <span class='ocrx_word' id='word_1_330' title='bbox 596 3188 807 3249; x_wconf 81' lang='lat' dir='ltr'>virtute</span> <span class='ocrx_word' id='word_1_331' title='bbox 830 3197 955 3251; x_wconf 89' lang='lat' dir='ltr'>tum</span> <span class='ocrx_word' id='word_1_332' title='bbox 972 3192 1154 3269; x_wconf 79' lang='lat' dir='ltr'>gratia</span> <span class='ocrx_word' id='word_1_333' title='bbox 1180 3190 1288 3251; x_wconf 83' lang='lat' dir='ltr'>viri</span> <span class='ocrx_word' id='word_1_334' title='bbox 1313 3188 1801 3269; x_wconf 81' lang='lat' dir='ltr'>permotus-flexit</span> <span class='ocrx_word' id='word_1_335' title='bbox 1825 3188 2084 3251; x_wconf 81' lang='lat' dir='ltr'>animum</span> <span class='ocrx_word' id='word_1_336' title='bbox 2109 3204 2288 3250; x_wconf 83' lang='lat' dir='ltr'>suum</span> 
     </span>
     <span class='ocr_line' id='line_1_38' title="bbox 124 3271 2289 3355; baseline 0 -20"><span class='ocrx_word' id='word_1_337' title='bbox 124 3280 181 3335; x_wconf 89' lang='lat' dir='ltr'>et</span> <span class='ocrx_word' id='word_1_338' title='bbox 200 3271 535 3353; x_wconf 85' lang='lat' dir='ltr'>Iugurtham</span> <span class='ocrx_word' id='word_1_339' title='bbox 556 3273 857 3335; x_wconf 84' lang='lat' dir='ltr'>beneficiis</span> <span class='ocrx_word' id='word_1_340' title='bbox 875 3276 1111 3339; x_wconf 85' lang='lat' dir='ltr'>vincere</span> <span class='ocrx_word' id='word_1_341' title='bbox 1126 3293 1447 3355; x_wconf 75' lang='lat' dir='ltr'>aggressus</span> <span class='ocrx_word' id='word_1_342' title='bbox 1477 3284 1586 3349; x_wconf 83' lang='lat' dir='ltr'>est,</span> <span class='ocrx_word' id='word_1_343' title='bbox 1615 3274 1923 3353; x_wconf 84' lang='lat' dir='ltr'>statimque</span> <span class='ocrx_word' id='word_1_344' title='bbox 1945 3293 2076 3336; x_wconf 83' lang='lat' dir='ltr'>eum</span> <span class='ocrx_word' id='word_1_345' title='bbox 2095 3274 2289 3352; x_wconf 86' lang='lat' dir='ltr'>adop-</span> 
     </span>
     <span class='ocr_line' id='line_1_39' title="bbox 120 3355 2288 3439; baseline -0.002 -18"><span class='ocrx_word' id='word_1_346' title='bbox 120 3358 257 3421; x_wconf 86' lang='lat' dir='ltr'>tavit</span> <span class='ocrx_word' id='word_1_347' title='bbox 292 3370 348 3420; x_wconf 87' lang='lat' dir='ltr'>et</span> <span class='ocrx_word' id='word_1_348' title='bbox 382 3368 737 3421; x_wconf 82' lang='lat' dir='ltr'>testamento</span> <span class='ocrx_word' id='word_1_349' title='bbox 774 3360 993 3439; x_wconf 86' lang='lat' dir='ltr'>pariter</span> <span class='ocrx_word' id='word_1_350' title='bbox 1016 3355 1167 3425; x_wconf 72' lang='lat' dir='ltr'>&#39;cum</span> <span class='ocrx_word' id='word_1_351' title='bbox 1199 3361 1332 3423; x_wconf 85' lang='lat' dir='ltr'>filiis</span> <span class='ocrx_word' id='word_1_352' title='bbox 1364 3361 1646 3423; x_wconf 75' lang='lat' dir='ltr'>heredem</span> <span class='ocrx_word' id='word_1_353' title='bbox 1679 3360 1944 3423; x_wconf 79' lang='lat' dir='ltr'>instituit.</span> <span class='ocrx_word' id='word_1_354' title='bbox 2001 3360 2121 3421; x_wconf 85' lang='lat' dir='ltr'>Sed</span> <span class='ocrx_word' id='word_1_355' title='bbox 2152 3357 2288 3437; x_wconf 79' lang='lat' dir='ltr'>ipse</span> 
     </span>
    </p>

    <p class='ocr_par' dir='ltr' id='par_1_6' title="bbox 26 3445 2290 3615">
     <span class='ocr_line' id='line_1_40' title="bbox 26 3445 2288 3533; baseline -0.002 -26"><span class='ocrx_word' id='word_1_356' title='bbox 26 3480 33 3495; x_wconf 89' lang='lat'><strong>·</strong></span> <span class='ocrx_word' id='word_1_357' title='bbox 120 3462 338 3525; x_wconf 82' lang='lat' dir='ltr'>paucos</span> <span class='ocrx_word' id='word_1_358' title='bbox 376 3454 515 3527; x_wconf 87' lang='lat' dir='ltr'>post</span> <span class='ocrx_word' id='word_1_359' title='bbox 546 3464 741 3509; x_wconf 85' lang='lat' dir='ltr'>annos</span> <span class='ocrx_word' id='word_1_360' title='bbox 771 3448 985 3507; x_wconf 66' lang='lat' dir='ltr'>‚morbo</span> <span class='ocrx_word' id='word_1_361' title='bbox 1022 3457 1194 3527; x_wconf 84' lang='lat' dir='ltr'>atque</span> <span class='ocrx_word' id='word_1_362' title='bbox 1223 3453 1408 3509; x_wconf 85' lang='lat' dir='ltr'>aetate</span> <span class='ocrx_word' id='word_1_363' title='bbox 1433 3448 1734 3511; x_wconf 82' lang='lat' dir='ltr'>confectus</span> <span class='ocrx_word' id='word_1_364' title='bbox 1762 3464 1945 3533; x_wconf 65' lang='lat' dir='ltr'>quum</span> <span class='ocrx_word' id='word_1_365' title='bbox 1971 3445 2086 3507; x_wconf 84' lang='lat' dir='ltr'>sibi</span> <span class='ocrx_word' id='word_1_366' title='bbox 2103 3445 2288 3510; x_wconf 83' lang='lat' dir='ltr'>finem</span> 
     </span>
     <span class='ocr_line' id='line_1_41' title="bbox 122 3530 2290 3615; baseline -0.001 -23"><span class='ocrx_word' id='word_1_367' title='bbox 122 3530 265 3593; x_wconf 81' lang='lat' dir='ltr'>vitae</span> <span class='ocrx_word' id='word_1_368' title='bbox 289 3530 503 3593; x_wconf 83' lang='lat' dir='ltr'>adesse</span> <span class='ocrx_word' id='word_1_369' title='bbox 530 3532 926 3614; x_wconf 75' lang='lat' dir='ltr'>intellegeret,</span> <span class='ocrx_word' id='word_1_370' title='bbox 954 3550 1153 3597; x_wconf 85' lang='lat' dir='ltr'>coram</span> <span class='ocrx_word' id='word_1_371' title='bbox 1176 3533 1378 3595; x_wconf 80' lang='lat' dir='ltr'>amicis</span> <span class='ocrx_word' id='word_1_372' title='bbox 1405 3542 1464 3597; x_wconf 84' lang='lat' dir='ltr'>et</span> <span class='ocrx_word' id='word_1_373' title='bbox 1495 3535 1754 3615; x_wconf 81' lang='lat' dir='ltr'>cognatis</span> <span class='ocrx_word' id='word_1_374' title='bbox 1776 3534 2038 3613; x_wconf 82' lang='lat' dir='ltr'>itemque</span> <span class='ocrx_word' id='word_1_375' title='bbox 2057 3530 2290 3593; x_wconf 72' lang='lat' dir='ltr'>Adher-</span> 
     </span>
    </p>
   </div>
  </div>
 </body>
</html>
