2400 3900
102 81 187 143 38
548 130 552 138 .
802 79 866 140 C.
892 77 1284 138 SALLUSTll
1331 77 1567 138 CRISPl

103 200 237 262 bale
286 207 346 260 et
382 196 716 276 Hiempsale
746 194 881 256 filiis
924 194 1137 257 dicitur
1177 195 1346 256 huius
1383 196 1544 256 modi
1583 194 1760 254 verba
1791 211 1946 298 cum
1982 193 2314 272 Iugurtha

104 284 409 447 ὴψιὲῗιῗ·
428 367 498 427 Χ.
540 358 789 427 Parvum
828 384 974 444 ego,
1012 377 1099 438 te,
1135 365 1437 445 Iugurtha,
1477 365 1697 426 amitas⁰
1741 373 1939 462 patre
1979 381 2111 424 ⁵¹⁰0
2159 383 2308 443 spe’

109 458 239 522 sine
258 454 488 532 opibuS‚
512 451 571 512 in
592 470 788 512 meum
802 471 1049 530 regnum
1068 453 1286 532 accepi,
1309 453 1675 514 existumans
1695 469 1816 510 non
1835 451 2029 510 minus
2051 467 2162 509 me
2187 450 2309 510 tibi

112 558 287 622 quam
308 538 546 606 liberis,-
563 539 621 598 si
645 538 1010 618 genuissem,
1037 538 1113 598 ob
1140 538 1426 600 beneficia
1452 555 1646 598 carum
1669 538 1827 612 fore3
1859 553 2054 632 neque
2081 553 2162 595 ea
2195 555 2307 596 res

110 627 325 690 falsum
354 640 448 685 me
473 625 693 686 habuit.
738 625 885 698 Nam
911 629 974 684 ut
992 623 1102 682 alia
1122 643 1336 704 magna
1363 633 1419 686 et
1443 624 1678 714 egregia
1703 629 1804 682 tua
1830 620 2129 694 omittam,
2178 640 2306 682 no-

109 713 367 773 vissume
398 709 635 772 rediens
656 708 968 774 Numantia
1008 727 1218 788 meque
1251 729 1619 806 regnumque
1639 727 1849 769 meum
1871 707 2057 786 gloria
2083 707 2305 768 hono-

108 797 341 896 ravisti,
366 805 580 876 tuaque
618 796 825 857 virtute
865 794 1037 855 nobis
1062 795 1358 857 Romanos
1401 816 1470 858 ex
1506 796 1706 856 amicis
1744 793 2157 854 amicissumos
2208 796 2304 853 fe-

113 883 269 956 cisti,
293 883 363 942 in
388 881 666 978 Hispania
692 899 909 942 nomen
947 879 1193 940 familiae
1223 891 1568 942 renovatum
1595 890 1714 952 est,
1751 888 2084 960 postremo,
2121 881 2303 956 quod

114 969 532 1032 difficillumum
556 967 709 1027 inter
731 966 1021 1039 mortaIiS,
1044 966 1226 1044 gloria
1249 967 1527 1027 invidiam
1551 966 1758 1027 vicisti.
1800 965 1969 1026 Nunc
1996 965 2304 1060 quoniam

112 1055 255 1116 mihi
284 1063 494 1116 natura
522 1053 698 1112 finem
742 1052 890 1112 vitae
932 1053 1081 1126 facit,
1118 1071 1227 1132 per
1249 1054 1402 1113 hanc
1426 1053 1739 1124 dexteram,
1779 1071 1889 1132 per
1906 1051 2077 1128 regni
2105 1051 2304 1111 fidem

113 1159 330 1202 moneo
374 1140 754 1215 obtestorque
777 1184 791 1210 ‚
826 1138 909 1198 uti
938 1140 1078 1212 hos,
1114 1138 1214 1218 qui
1238 1138 1344 1199 tibi
1371 1157 1588 1216 genere
1609 1136 1955 1218 propinqui,
1989 1135 2300 1196 beneficio

112 1245 249 1288 meo
273 1229 480 1287 fratres
514 1230 669 1296 sunt,
695 1241 861 1284 caros
887 1224 1105 1285 habeas
1122 1271 1136 1298 ,
1174 1243 1294 1286 neu
1311 1224 1479 1285 malis
1507 1225 1735 1285 alienos
1761 1224 2084 1300 adiungere
2109 1241 2302 1300 quam

120 1312 406 1391 sanguine
434 1308 775 1370 coniunctos
808 1309 1081 1371 retinere.
1126 1311 1260 1371 Non
1297 1311 1586 1372 exercitus
1611 1327 1803 1388 neque
1825 1307 2300 1387 thesauri-prae-

118 1398 265 1458 sidia
295 1394 463 1473 regni
510 1405 675 1467 sunt,
721 1413 921 1454 verum
956 1396 1154 1469 amici,
1206 1415 1355 1475 quos
1395 1415 1590 1475 neque
1614 1395 1792 1456 armis
1833 1412 2047 1472 cogere
2085 1412 2299 1472 neque

115 1501 258 1544 auro
301 1499 513 1561 parare
540 1497 747 1558 queaS,
786 1480 978 1541 officio
1012 1488 1069 1541 et
1100 1481 1218 1541 fide
1247 1481 1572 1560 pariuntur.
1623 1480 1768 1554 Quis
1809 1486 2005 1542 autem
2043 1479 2304 1541 amicior

118 1585 292 1647 quam
314 1568 493 1627 frater
510 1563 719 1626 fratri?
748 1575 849 1628 aut
874 1585 1047 1645 quem
1066 1567 1320 1628 alienum
1347 1568 1530 1628 fidum
1553 1565 1846 1639 invenieS,
1875 1566 1926 1626 si
1958 1565 2072 1625 tuis
2097 1565 2300 1627 hostis

116 1650 346 1716 fueris?
389 1652 676 1731 Equidem
712 1669 821 1730 ego
857 1653 1023 1713 vobis
1051 1669 1300 1731 regnum
1336 1655 1504 1715 trado
1546 1655 1811 1725 firmum,
1843 1652 1894 1712 si
1930 1650 2073 1711 boni
2105 1651 2298 1723 eritiS‚

119 1738 214 1802 sin
230 1737 384 1811 mali,
406 1738 784 1800 imbecillum.
828 1739 973 1798 Nam
996 1739 1311 1800 concordia
1331 1757 1542 1819 parvae
1560 1758 1656 1800 res
1678 1745 1968 1810 crescunt,
1993 1736 2296 1798 discordia

119 1843 426 1886 maxumae
454 1824 809 1885 dilabuntur.
854 1825 1122 1885 Ceterum
1148 1833 1284 1885 ante
1315 1826 1426 1886 hos
1453 1835 1528 1898 te,
1567 1825 1864 1903 Iugurtha,
1891 1823 1989 1902 qui
2015 1830 2208 1883 aetate
2238 1833 2298 1884 et

122 1911 406 1990 sapientia
424 1910 587 1989 prior
617 1927 711 1983 eS,
750 1927 825 1969 ne
850 1910 1015 1971 aliter
1038 1910 1179 1989 quid
1207 1912 1463 1985 eveniat,
1489 1912 1798 1991 providere
1819 1911 2004 1971 decet.
2051 1909 2204 1969 Nam
2234 1910 2296 1970 in

121 1998 283 2058 omni
304 1996 639 2069 certamine,
666 1996 768 2073 qui
790 1996 1123 2074 opulentior
1145 2006 1253 2070 est,
1281 1998 1454 2059 etiam
1475 1998 1524 2057 si
1547 1997 1759 2077 accipit
1781 1996 2294 2068 iniuriam—tamen

122 2081 261 2161 quia
292 2081 426 2161 plus
450 2087 661 2159 potest,
688 2082 881 2141 facere
898 2081 1144 2143 videtur.
1188 2083 1309 2142 Vos
1337 2092 1550 2156 autem,
1575 2082 1870 2143 Adherbal
1893 2090 1952 2143 et
1968 2080 2291 2161 Hiempsal,

19 2180 21 2183 ’
124 2168 297 2229 colite
336 2174 396 2228 et
423 2166 733 2227 observate
766 2167 924 2227 hunc
951 2168 1121 2227 talem
1157 2167 1373 2241 virum,
1400 2168 1704 2229 imitamini
1729 2169 2001 2229 virtutem
2031 2174 2088 2227 et
2113 2167 2288 2229 eniti-

19 2280 21 2285 ·
120 2253 283 2327 mini,
308 2273 385 2315 ne
404 2272 516 2331 ego
538 2252 815 2335 meliores
840 2252 1057 2314 liberos
1085 2254 1412 2333 sumpsisse
1439 2252 1640 2317 videar
1665 2272 1839 2334 quam
1866 2252 2163 2333 genuisse.

250 2340 413 2421 Cap.
438 2340 535 2401 xl.
578 2341 665 2401 Ad
692 2358 761 2401 ea
792 2340 1101 2418 Iugurtha,
1134 2341 1368 2403 tametsi
1392 2359 1596 2419 regem
1621 2342 1755 2402 ficta
1772 2342 2028 2401 locutum
2055 2338 2290 2399 intelle·
2380 2342 2381 2353 ¹

21 2455 22 2466 ι
124 2425 326 2504 gebat,
368 2426 579 2505 etipse
604 2427 777 2503 longe
804 2427 969 2487 aliter
1006 2427 1196 2487 animo
1225 2427 1496 2506 agitabat,
1533 2434 1732 2490 tamen
1758 2445 1866 2505 pro
1889 2432 2154 2504 tempore
2178 2424 2290 2485 be-

25 2506 59 2563 i'·
121 2511 303 2588 nigne
330 2510 658 2589 respondit.
714 2512 956 2590 Micipsa
992 2514 1193 2592 paucis
1227 2526 1366 2593 post
1403 2513 1610 2574 diebus
1653 2512 1916 2573 moritur.
1969 2512 2290 2589 Postquam

29 2623 33 2678 5
123 2596 209 2657 illi
226 2612 395 2655 more
412 2596 577 2673 regio
597 2595 747 2655 iusta
764 2598 1071 2674 magnifice
1091 2600 1369 2672 fecerant,
1388 2598 1646 2676 reguliin
1665 2616 1846 2659 unum
1871 2608 2287 2671 convenerunt,

33 2682 35 2690 '
122 2690 190 2744 ut
212 2681 369 2742 inter
392 2699 459 2741 se
484 2682 559 2741 de
585 2682 809 2742 cunctis
826 2682 1079 2759 negotiis
1106 2684 1522 2762 disceptarent.
1569 2684 1686 2744 Sed
1714 2684 2032 2763 Hiempsal,
2057 2684 2152 2762 qui
2176 2684 2288 2744 mi-

46 2770 63 2787 ·'
124 2786 343 2829 numus
370 2784 441 2828 ex
469 2766 584 2828 illis
614 2773 766 2840 erat,
806 2776 1010 2827 natura
1040 2769 1203 2828 ferox
1234 2769 1405 2829 etiam
1437 2777 1604 2829 antea
1629 2770 2054 2847 ignobilitatem
2082 2768 2285 2845 Iugur-

41 2924 43 2931 ,
126 2853 292 2926 thee,
324 2854 459 2933 quia
482 2860 748 2915 materno
774 2870 988 2931 genere
1011 2853 1201 2933 impar
1225 2863 1373 2929 erat,
1407 2854 1768 2934 despiciens,
1807 2857 2046 2916 dextera
2063 2854 2284 2915 Adher-
2371 2878 2382 2901 ε

127 2938 321 2999 halem
340 2941 588 3014 assedit,
620 2956 697 2999 ne
739 2938 971 2999 medius
1013 2958 1085 3001 ex
1116 2940 1332 3016 tribus,
1369 2942 1528 3020 quod
1570 2942 1725 3019 apud
1754 2941 2041 3001 Numidas
2077 2940 2286 3002 honori
2380 2960 2381 2973 ¹

131 3023 688 3105 ducitur,1ugurtba
710 3026 879 3085 foret.
923 3026 1069 3086 Dein
1093 3035 1316 3096 tamen,
1345 3036 1408 3089 ut
1430 3027 1602 3087 aetati
1623 3028 1996 3100 concederet,
2023 3027 2282 3103 fatigatus
2380 3040 2381 3047 ’

132 3129 167 3170 a
203 3107 383 3171 fratre
412 3112 506 3173 vix
538 3112 601 3173 in
622 3118 848 3192 partem
877 3111 1117 3175 alteram
1140 3114 1517 3173 transductus
1537 3119 1646 3174 est.
1694 3112 1780 3173 Ibi
1800 3132 1980 3193 quum
2005 3113 2177 3172 multa
2206 3113 2282 3173 de

134 3194 595 3258 administrando
627 3196 873 3277 imperio
911 3198 1303 3271 dissererent,
1337 3199 1615 3277 Iugurtha
1641 3198 1794 3261 inter
1826 3199 1967 3261 alias
1998 3208 2095 3258 res
2129 3197 2280 3259 iacit:

134 3289 451 3361 opportere
484 3282 805 3361 quinqueni
834 3283 1097 3345 consulta
1132 3292 1193 3344 et
1216 3284 1454 3345 decreta
1476 3286 1670 3345 omnia
1694 3284 1971 3346 rescindi.
2015 3284 2156 3343 Nam
2177 3302 2280 3363 per
2379 3314 2381 3321 ·

133 3384 203 3427 ea
222 3374 491 3445 tempora
514 3368 842 3429 confectum
862 3369 1032 3429 annis
1052 3366 1356 3446 Micipsam
1377 3388 1583 3449 parum
1601 3371 1796 3431 animo
1823 3368 2095 3430 valuis‘se.
2135 3370 2275 3430 Tum

132 3452 291 3514 idem
318 3450 623 3531 Hiempsal
638 3451 871 3529 placere
892 3454 1003 3514 sibi
1030 3454 1366 3532 respondit:
1412 3456 1560 3517 Nam
1579 3456 1775 3534 ipsum
1797 3453 1958 3514 illum
1985 3453 2162 3515 tribus
2185 3454 2272 3517 his
2365 3499 2374 3511 ,

134 3539 439 3618 proxumis
476 3536 647 3599 annis
682 3537 999 3617 adoptione
1030 3538 1091 3598 in
1124 3556 1370 3618 regnum
1407 3541 1770 3621 pervenisse.
1835 3538 2010 3612 Quod
2047 3540 2274 3603 verbum
