2400 3900
45 2304 69 2333 „
171 2264 365 2339 deret3
385 2264 483 2339 ita,
510 2282 883 2346 quocumque
901 2262 1252 2339 intenderat,
1279 2282 1377 2325 res
1398 2266 1679 2327 advorsae
1706 2257 1891 2325 erant.
1939 2264 2057 2325 Sed
2076 2264 2239 2326 inter
2259 2284 2351 2326 eas

175 77 258 140 72
871 73 932 136 C.
979 71 1373 136 SALLUSTII
1419 69 1663 134 CRISPI

179 205 242 260 et
261 198 514 259 invisum
543 203 604 256 et
624 197 916 257 offensum
940 193 1072 267 sihi,
1101 209 1311 273 parum
1336 193 1615 253 idoneum
1638 188 1803 252 ratus
1828 188 2071 250 domum
2100 187 2387 278 dimittit,

179 285 252 347 Et
274 285 496 344 Romae
525 279 761 362 plebes,
795 279 1006 354 literis,
1051 297 1198 360 quae
1239 279 1315 340 de
1340 278 1573 340 Metello
1607 295 1679 337 ao
1703 275 1886 336 Mario
1916 274 2149 339 missae
2179 283 2381 349 erant,

180 368 458 448 cognitis,
519 367 738 428 volenti
795 367 994 428 animo
1055 367 1134 426 de
1191 363 1480 426 ambobus
1544 371 1913 442 acceperant.
2000 362 2386 444 Imperatmi]

177 455 466 528 nobilitas,
493 471 645 533 quae
663 461 834 519 antea
861 452 1062 514 dcem-i
1091 452 1259 529 [fuit],
1284 451 1535 512 invidiae
1546 465 1714 522 esse,
1742 457 1802 509 at
1825 447 1907 508 illi
1924 446 2095 508 alteri
2120 449 2377 528 generis

176 541 470 602 humilitas
519 541 778 601 favorem
827 539 1160 612 addiderat3
1211 545 1467 599 ceterum
1505 537 1580 596 'in
1621 545 1875 614 utroque
1914 535 2117 613 ‘magis
2168 537 2375 596 studia

174 627 430 708 partium
477 645 650 705 quam
693 627 851 687 hona
887 635 987 686 aut
1021 623 1171 685 mala
1204 643 1314 687 sua
1346 625 1668 686 moderata.
1732 622 2045 682 Praeterea
2087 621 2386 684 seditiosi*

175 713 549 792 magistratus
601 714 836 793 volgum
891 710 1215 790 exagitare,
1278 710 1575 771 Metellum
1632 705 1909 769 omnibus
1960 707 2386 770 concionibus*

176 800 382 878 capitis
433 815 740 861 accersere
754 846 769 872 ,
826 797 988 858 Marii
1048 797 1319 858 virtutem
1358 797 1429 857 in·
1461 796 1649 856 maius
1692 792 2015 854 celebrare:
2085 794 2386 882 Denique}

174 885 378 964 plebes
417 887 504 947 sie
552 903 800 946 aceensa
845 885 927 945 uti
975 883 1217 964 opifices
1254 889 1633 962 agrestesque
1670 897 1907 953 omnes,
1957 897 2235 958 quornm
2280 901 2367 942 res

172 973 442 1052 fidesque
475 971 538 1034 in
569 971 842 1032 manibus
885 970 1038 1031 sitae
1067 977 1261 1043 erant,
1299 968 1515 1030 relictis
1550 967 1831 1047 operibus
1844 1014 1859 1041 ,
1906 967 2386 1046 frequentarent¹

173 1057 420 1120 Marium
438 1065 496 1119 et
511 1074 617 1118 sua
637 1057 972 1118 necessaria
988 1064 1129 1138 post
1143 1056 1298 1117 illius
1315 1057 1612 1116 honorem
1626 1054 1933 1116 ducerent.
1955 1054 2059 1126 Ita,
2080 1056 2365 1133 perculsa

173 1145 490 1217 nobilitate,
527 1149 668 1223 post
695 1144 909 1206 multas
943 1149 1326 1224 tempestates
1364 1161 1519 1204 novo
1553 1139 1779 1201 homini
1816 1139 2167 1202 consulatus
2196 1159 2386 1226 man-¹

177 1231 380 1305 datur3
406 1236 465 1290 et
484 1236 692 1308 postea
716 1230 973 1310 populus
999 1249 1031 1290 a
1057 1230 1321 1292 Tribuno
1342 1228 1529 1309 plebis
1553 1226 1765 1288 Manlio
1791 1225 2063 1288 Mancino
2091 1236 2358 1306 rogatus,

175 1335 349 1395 quem
383 1315 556 1378 vellet
595 1332 729 1378 cum
757 1316 1035 1394 Iugurtha
1055 1316 1279 1378 bellum
1304 1333 1533 1394 gerere,
1574 1316 1863 1393 frequens-
1878 1311 2137 1374 Marium
2158 1315 2356 1376 iussit.

174 1403 290 1464 Sed
322 1402 572 1462 Senatus
595 1402 790 1480 paullo
815 1399 948 1462 ante
975 1401 1206 1463 Metello
1232 1403 1585 1476 decreverat,
1616 1419 1684 1461 ea
1706 1417 1805 1460 res
1830 1399 2047 1460 frustra
2077 1399 2224 1462 suit.

303 1487 389 1547 Ca
403 1505 462 1565 p.
482 1487 730 1548 LXXIV.
763 1487 986 1548 Eodem
1003 1495 1271 1566 tempore
1287 1488 1583 1566 Iugurtha,
1602 1486 1834 1548 amissis
1854 1485 2075 1560 amicis,
2098 1503 2355 1565 quorum

169 1573 488 1653 plerosque
509 1574 638 1654 ipse
661 1582 986 1647 necaverat,
1009 1573 1185 1635 ceteri
1208 1573 1524 1634 formidine
1540 1587 1680 1652 pars
1705 1573 1783 1633 ad
1806 1572 2132 1646 Romanos,
2158 1574 2271 1634 alii
2296 1574 2357 1633 ad

169 1675 370 1738 regem
403 1661 703 1722 Bocchum
750 1661 1161 1740 profugerant,
1208 1678 1385 1740 quum
1430 1677 1623 1739 neque
1658 1659 1881 1720 bellum
1917 1658 2043 1734 geri
2076 1658 2219 1720 sine
2262 1661 2357 1720 ad-

168 1744 452 1808 ministris
503 1755 738 1828 posset,
797 1754 856 1807 et
901 1763 1191 1808 novorum
1239 1745 1425 1808 >iidem
1474 1747 1533 1807 in
1582 1753 1742 1806 tanta
1793 1743 2039 1824 pertidia
2090 1751 2357 1806 veterum

173 1835 424 1912 experiri
444 1835 839 1912 periculosum
859 1831 1120 1906 duceret,
1145 1833 1339 1894 varius
1357 1833 1733 1910 incertusque
1752 1829 2100 1908 agitabatur.
2149 1831 2355 1912 Neque
2372 1875 2387 1896 2

167 1918 252 1979 illi
301 1938 396 1980 res
441 1937 635 1999 neque
683 1919 992 1981 consilium
1037 1927 1138 1980 aut
1185 1919 1490 1999 quisquam
1538 1919 1846 1980 hominum
1882 1916 2023 1978 satis
2060 1917 2354 1997 placebat,

167 2004 376 2065 itinera
429 2008 880 2084 praefectosque
935 2006 998 2065 in
1053 2006 1179 2067 dies
1234 2012 1480 2078 mutare,
1536 2006 1713 2079 modo
1767 2005 2087 2065 advorsum·
2127 2006 2353 2079 hostes,

165 2088 468 2152 interdum
493 2091 556 2152 in
583 2091 928 2153 solitudines
945 2108 1223 2171 pergere3
1254 2108 1435 2171 saepe
1451 2090 1513 2152 in
1531 2092 1683 2169 fuga,
1710 2108 1781 2151 ac
1801 2096 1939 2171 post
1962 2091 2162 2170 paullo
2182 2112 2354 2174 spem

167 2175 230 2237 in
265 2178 446 2239 armis
479 2177 716 2252 habere,
759 2176 1043 2251 dubitare,
1079 2178 1275 2238 virtuti
1310 2196 1384 2238 an
1413 2177 1551 2239 fidei
1579 2176 1954 2257 popularium
1986 2176 2185 2239 minus
2228 2198 2352 2241 cre-

167 2368 364 2413 moras
403 2362 648 2433 repente
685 2370 818 2414 sese
855 2350 1125 2414 Metellus
1163 2368 1295 2412 cum
1332 2352 1587 2413 exercitu
1625 2348 1901 2411 ostendit.
1950 2350 2247 2413 Numidae
2268 2346 2381 2413 -ab'

121 2440 136 2469 ‘
165 2434 444 2513 Iugurtha
473 2456 581 2515 pro
614 2446 884 2519 tempore
907 2438 1095 2517 parati
1121 2436 1526 2518 instructique,
1564 2434 1701 2498 dein
1738 2436 2023 2517 praelium
2046 2436 2346 2517 incipitur.

170 2521 300 2593 Qua
322 2520 384 2581 in
404 2531 571 2600 parte
590 2544 697 2586 rex
717 2542 953 2604 pugnae
973 2524 1174 2598 adfuit,
1199 2524 1281 2585 ibi
1304 2524 1661 2603 aliquamdiu
1682 2532 1984 2597 certatum,
2016 2524 2201 2607 ceteri
2226 2524 2347 2585 eius

169 2623 376 2667 omnes
398 2587 610 2670 milites
639 2608 829 2687 primo
865 2626 1191 2687 congressu
1217 2610 1372 2689 pulsi
1396 2610 1713 2691 fugatique.
1758 2608 2012 2670 Romani
2032 2607 2343 2687 sign-orum
2382 2616 2387 2647 ⁸

168 2701 228 2753 et
271 2710 566 2755 armorum
613 2694 910 2773 aliquanto
959 2706 1243 2769 numero,
1297 2696 1557 2757 hostium
1612 2712 1935 2777 paucorum
1972 2694 2177 2775 potiti3
2214 2715 2349 2757 nam

164 2780 350 2841 ferme
374 2780 656 2843 Numidas
691 2781 753 2842 in
779 2778 1056 2842 omnihus
1083 2780 1319 2862 praeliis
1348 2783 1530 2860 magis
1557 2781 1743 2863 pedes
1771 2799 1947 2862 quam
1981 2800 2143 2842 arma
2177 2783 2351 2844 tutati

165 2874 330 2927 sunt.
1293 2920 1297 2927 r
1762 2910 1767 2916 -
2350 2879 2383 2901 μ

297 2952 461 3032 Cap.
495 2950 717 3013 Lxxv.
761 2950 845 3013 Ea
885 2955 1018 3033 fuga
1063 2952 1344 3031 Iugurtha
1388 2943 1711 3031 impensius
1760 2951 1941 3013 modo
1988 2954 2169 3015 rebus
2222 2956 2346 3017 suis

167 3033 440 3098 diffidens
460 3056 592 3100 oum
611 3039 870 3117 perfugis
891 3050 948 3101 et
967 3049 1133 3119 parte
1153 3038 1446 3119 equitatus
1466 3039 1527 3099 in
1548 3037 1915 3113 solitudines»,
1936 3039 2074 3101 dein
2092 3040 2337 3103 Thalam

164 3124 446 3201 pervenit,
477 3126 758 3205 oppidum
782 3144 1063 3204 magnum
1101 3134 1273 3204 atque
1300 3125 1665 3205 opulentum,
1690 3123 1889 3205 ibique
1920 3127 2189 3206 plerique
2210 3127 2343 3189 the-

164 3208 324 3269 sauri
347 3207 716 3291 filiorumque
740 3211 866 3273 eius
897 3210 1115 3273 multus
1137 3210 1420 3290 pueritiae
1442 3211 1629 3273 cultus
1655 3224 1797 3275 erat.
1844 3212 2010 3285 Quae
2030 3220 2341 3293 postquam

161 3292 396 3361 Metello
461 3305 760 3378 comperta
813 3308 982 3371 sunt,
1060 3316 1411 3378 quamquam
1475 3295 1632 3360 inter
1692 3298 1933 3360 Thalam
2006 3300 2341 3380 flumenque

160 3382 524 3461 proximum,
569 3384 757 3463 spatio
799 3384 1020 3447 milium
1064 3385 1513 3464 quinquaginta,
1574 3386 1701 3446 loca
1744 3384 1907 3445 arida
1960 3392 2134 3465 atque
2175 3395 2336 3448 vasta

164 3468 298 3527 esse
336 3478 714 3547 cognoverat,
749 3476 948 3531 tamen
987 3489 1095 3549 spe
1131 3472 1398 3550 patrandi
1430 3471 1591 3545 belli,
1634 3471 1683 3533 si
1718 3470 1844 3531 eius
1881 3471 2084 3552 oppidi
2118 3472 2333 3552 potitus
2358 3468 2371 3475 ’

163 3550 333 3629 bret,
361 3554 557 3617 omnis
581 3554 927 3635 asperitates
953 3556 1349 3637 supervadere
1373 3576 1441 3619 ac
1464 3566 1736 3643 naturam
1758 3556 1935 3620 etiam
1966 3557 2197 3621 vincere
2232 3576 2333 3639 ag-
