<?xml version="1.0" encoding="UTF-8"?>
<!DOCTYPE html PUBLIC "-//W3C//DTD XHTML 1.0 Transitional//EN"
    "http://www.w3.org/TR/xhtml1/DTD/xhtml1-transitional.dtd">
<html xmlns="http://www.w3.org/1999/xhtml" xml:lang="en" lang="en">
 <head>
  <title>
</title>
<meta http-equiv="Content-Type" content="text/html;charset=utf-8" />
  <meta name='ocr-system' content='tesseract 3.04.00' />
  <meta name='ocr-capabilities' content='ocr_page ocr_carea ocr_par ocr_line ocrx_word'/>
</head>
<body>
  <div class='ocr_page' id='page_1' title='image "./csallustiicrisp00kochgoog_0081.png"; bbox 0 0 2400 3900; ppageno 0'>
   <div class='ocr_carea' id='block_1_1' title="bbox 637 85 2238 150">
    <p class='ocr_par' dir='ltr' id='par_1_1' title="bbox 637 85 2238 150">
     <span class='ocr_line' id='line_1_1' title="bbox 637 85 2238 150; baseline 0.001 -1"><span class='ocrx_word' id='word_1_1' title='bbox 637 88 847 150; x_wconf 82' lang='lat' dir='ltr'><strong>BELL.</strong></span> <span class='ocrx_word' id='word_1_2' title='bbox 892 87 1254 150; x_wconf 85' lang='lat' dir='ltr'><strong>lUGURTH.</strong></span> <span class='ocrx_word' id='word_1_3' title='bbox 1297 107 1348 150; x_wconf 86' lang='lat' dir='ltr'><strong>e.</strong></span> <span class='ocrx_word' id='word_1_4' title='bbox 1377 85 1672 150; x_wconf 83' lang='lat'><strong>73--77.</strong></span> <span class='ocrx_word' id='word_1_5' title='bbox 2151 87 2238 150; x_wconf 80' lang='lat'><strong>⁷3</strong></span> 
     </span>
    </p>
   </div>
   <div class='ocr_carea' id='block_1_2' title="bbox 2 205 2321 2005">
    <p class='ocr_par' dir='ltr' id='par_1_2' title="bbox 2 205 2321 2005">
     <span class='ocr_line' id='line_1_2' title="bbox 68 205 2241 288; baseline 0.001 -19"><span class='ocrx_word' id='word_1_6' title='bbox 68 208 357 288; x_wconf 76' lang='lat' dir='ltr'><strong>graditur.</strong></span> <span class='ocrx_word' id='word_1_7' title='bbox 401 207 583 286; x_wconf 73' lang='lat' dir='ltr'><strong>lgitm·</strong></span> <span class='ocrx_word' id='word_1_8' title='bbox 610 207 803 268; x_wconf 81' lang='lat' dir='ltr'><strong>omnia</strong></span> <span class='ocrx_word' id='word_1_9' title='bbox 832 208 1091 270; x_wconf 79' lang='lat' dir='ltr'><strong>iumenta</strong></span> <span class='ocrx_word' id='word_1_10' title='bbox 1128 205 1375 268; x_wconf 73' lang='lat' dir='ltr'>sarcinis</span> <span class='ocrx_word' id='word_1_11' title='bbox 1394 206 1573 266; x_wconf 77' lang='lat' dir='ltr'><strong>levari</strong></span> <span class='ocrx_word' id='word_1_12' title='bbox 1591 207 1771 282; x_wconf 83' lang='lat' dir='ltr'><strong>iubet,</strong></span> <span class='ocrx_word' id='word_1_13' title='bbox 1807 207 1920 269; x_wconf 85' lang='lat' dir='ltr'><strong>nisi</strong></span> <span class='ocrx_word' id='word_1_14' title='bbox 1939 208 2241 272; x_wconf 84' lang='lat' dir='ltr'><strong>frumento</strong></span> 
     </span>
     <span class='ocr_line' id='line_1_3' title="bbox 64 291 2238 374; baseline 0.001 -19"><span class='ocrx_word' id='word_1_15' title='bbox 64 295 302 356; x_wconf 82' lang='lat' dir='ltr'><strong>dierum</strong></span> <span class='ocrx_word' id='word_1_16' title='bbox 340 295 578 366; x_wconf 85' lang='lat' dir='ltr'><strong>decem,</strong></span> <span class='ocrx_word' id='word_1_17' title='bbox 616 302 873 355; x_wconf 80' lang='lat' dir='ltr'><strong>eeterum</strong></span> <span class='ocrx_word' id='word_1_18' title='bbox 912 301 1072 356; x_wconf 73' lang='lat' dir='ltr'><strong>utres</strong></span> <span class='ocrx_word' id='word_1_19' title='bbox 1106 295 1288 353; x_wconf 78' lang='lat' dir='ltr'><strong>modo</strong></span> <span class='ocrx_word' id='word_1_20' title='bbox 1317 298 1374 351; x_wconf 83' lang='lat' dir='ltr'><strong>et</strong></span> <span class='ocrx_word' id='word_1_21' title='bbox 1411 291 1521 352; x_wconf 86' lang='lat' dir='ltr'><strong>alia</strong></span> <span class='ocrx_word' id='word_1_22' title='bbox 1545 309 1730 374; x_wconf 80' lang='lat' dir='ltr'><strong>aquae</strong></span> <span class='ocrx_word' id='word_1_23' title='bbox 1756 295 1970 356; x_wconf 79' lang='lat' dir='ltr'><strong>idonea</strong></span> <span class='ocrx_word' id='word_1_24' title='bbox 1994 298 2238 374; x_wconf 87' lang='lat' dir='ltr'><strong>portari.</strong></span> 
     </span>
     <span class='ocr_line' id='line_1_4' title="bbox 65 378 2238 462; baseline 0 -20"><span class='ocrx_word' id='word_1_25' title='bbox 65 383 383 462; x_wconf 75' lang='lat' dir='ltr'><strong>Praeterea</strong></span> <span class='ocrx_word' id='word_1_26' title='bbox 408 381 703 460; x_wconf 79' lang='lat' dir='ltr'><strong>conquirit</strong></span> <span class='ocrx_word' id='word_1_27' title='bbox 720 397 794 440; x_wconf 70' lang='lat' dir='ltr'><strong>ex</strong></span> <span class='ocrx_word' id='word_1_28' title='bbox 818 381 975 459; x_wconf 82' lang='lat' dir='ltr'><strong>agris</strong></span> <span class='ocrx_word' id='word_1_29' title='bbox 1000 397 1175 460; x_wconf 87' lang='lat' dir='ltr'><strong>quam</strong></span> <span class='ocrx_word' id='word_1_30' title='bbox 1194 378 1508 459; x_wconf 85' lang='lat' dir='ltr'><strong>plurimum</strong></span> <span class='ocrx_word' id='word_1_31' title='bbox 1530 389 1728 456; x_wconf 85' lang='lat' dir='ltr'><strong>potest</strong></span> <span class='ocrx_word' id='word_1_32' title='bbox 1751 381 1954 442; x_wconf 86' lang='lat' dir='ltr'><strong>domiti</strong></span> <span class='ocrx_word' id='word_1_33' title='bbox 1977 383 2238 461; x_wconf 87' lang='lat' dir='ltr'><strong>peeoris,</strong></span> 
     </span>
     <span class='ocr_line' id='line_1_5' title="bbox 60 464 2240 547; baseline 0.002 -21"><span class='ocrx_word' id='word_1_34' title='bbox 60 483 263 546; x_wconf 77' lang='lat' dir='ltr'><strong>eoque</strong></span> <span class='ocrx_word' id='word_1_35' title='bbox 284 466 537 545; x_wconf 77' lang='lat' dir='ltr'><strong>imponit</strong></span> <span class='ocrx_word' id='word_1_36' title='bbox 556 480 695 527; x_wconf 75' lang='lat' dir='ltr'><strong>rasa</strong></span> <span class='ocrx_word' id='word_1_37' title='bbox 716 465 1003 546; x_wconf 71' lang='lat' dir='ltr'><strong>cuiusque</strong></span> <span class='ocrx_word' id='word_1_38' title='bbox 1027 466 1206 547; x_wconf 84' lang='lat' dir='ltr'><strong>modi,</strong></span> <span class='ocrx_word' id='word_1_39' title='bbox 1233 465 1340 525; x_wconf 85' lang='lat' dir='ltr'><strong>sed</strong></span> <span class='ocrx_word' id='word_1_40' title='bbox 1366 464 1644 544; x_wconf 83' lang='lat' dir='ltr'><strong>pleraque</strong></span> <span class='ocrx_word' id='word_1_41' title='bbox 1663 465 1872 544; x_wconf 78' lang='lat' dir='ltr'><strong>lignea,</strong></span> <span class='ocrx_word' id='word_1_42' title='bbox 1901 467 2144 530; x_wconf 82' lang='lat' dir='ltr'><strong>collecta</strong></span> <span class='ocrx_word' id='word_1_43' title='bbox 2167 487 2240 530; x_wconf 85' lang='lat' dir='ltr'><strong>ex</strong></span> 
     </span>
     <span class='ocr_line' id='line_1_6' title="bbox 56 551 2238 634; baseline 0.001 -20"><span class='ocrx_word' id='word_1_44' title='bbox 56 551 317 631; x_wconf 77' lang='lat' dir='ltr'><strong>tuguriis</strong></span> <span class='ocrx_word' id='word_1_45' title='bbox 354 552 757 614; x_wconf 71' lang='lat' dir='ltr'><strong>Numidarum.</strong></span> <span class='ocrx_word' id='word_1_46' title='bbox 803 553 891 612; x_wconf 84' lang='lat' dir='ltr'><strong>Ad</strong></span> <span class='ocrx_word' id='word_1_47' title='bbox 914 553 1037 614; x_wconf 79' lang='lat' dir='ltr'><strong>hoe</strong></span> <span class='ocrx_word' id='word_1_48' title='bbox 1070 551 1350 613; x_wconf 81' lang='lat' dir='ltr'><strong>finitumis</strong></span> <span class='ocrx_word' id='word_1_49' title='bbox 1376 551 1641 632; x_wconf 84' lang='lat' dir='ltr'><strong>imperat,</strong></span> <span class='ocrx_word' id='word_1_50' title='bbox 1683 552 1781 632; x_wconf 81' lang='lat' dir='ltr'><strong>qui</strong></span> <span class='ocrx_word' id='word_1_51' title='bbox 1811 571 1879 612; x_wconf 86' lang='lat' dir='ltr'><strong>se</strong></span> <span class='ocrx_word' id='word_1_52' title='bbox 1911 563 2048 632; x_wconf 80' lang='lat' dir='ltr'><strong>post</strong></span> <span class='ocrx_word' id='word_1_53' title='bbox 2079 555 2238 634; x_wconf 86' lang='lat' dir='ltr'><strong>regis</strong></span> 
     </span>
     <span class='ocr_line' id='line_1_7' title="bbox 58 636 2236 718; baseline 0.001 -19"><span class='ocrx_word' id='word_1_54' title='bbox 58 641 267 717; x_wconf 72' lang='lat' dir='ltr'><strong>sugam</strong></span> <span class='ocrx_word' id='word_1_55' title='bbox 292 637 531 699; x_wconf 70' lang='lat' dir='ltr'><strong>Metello</strong></span> <span class='ocrx_word' id='word_1_56' title='bbox 566 639 867 712; x_wconf 83' lang='lat' dir='ltr'><strong>dederant,</strong></span> <span class='ocrx_word' id='word_1_57' title='bbox 908 656 1080 717; x_wconf 80' lang='lat' dir='ltr'><strong>quam</strong></span> <span class='ocrx_word' id='word_1_58' title='bbox 1104 637 1434 716; x_wconf 79' lang='lat' dir='ltr'><strong>plurimum</strong></span> <span class='ocrx_word' id='word_1_59' title='bbox 1455 636 1706 716; x_wconf 80' lang='lat' dir='ltr'><strong>quisqu-e</strong></span> <span class='ocrx_word' id='word_1_60' title='bbox 1741 655 1930 716; x_wconf 85' lang='lat' dir='ltr'><strong>aquae</strong></span> <span class='ocrx_word' id='word_1_61' title='bbox 1955 649 2236 718; x_wconf 86' lang='lat' dir='ltr'><strong>portaret,</strong></span> 
     </span>
     <span class='ocr_line' id='line_1_8' title="bbox 58 722 2238 806; baseline 0.002 -24"><span class='ocrx_word' id='word_1_62' title='bbox 58 725 225 786; x_wconf 69' lang='lat' dir='ltr'><strong>aliem</strong></span> <span class='ocrx_word' id='word_1_63' title='bbox 244 725 577 803; x_wconf 78' lang='lat' dir='ltr'><strong>locumque,</strong></span> <span class='ocrx_word' id='word_1_64' title='bbox 598 724 702 784; x_wconf 83' lang='lat' dir='ltr'><strong>ubi</strong></span> <span class='ocrx_word' id='word_1_65' title='bbox 720 734 959 802; x_wconf 74' lang='lat' dir='ltr'><strong>praesto</strong></span> <span class='ocrx_word' id='word_1_66' title='bbox 979 724 1167 798; x_wconf 71' lang='lat' dir='ltr'><strong>fuerit,</strong></span> <span class='ocrx_word' id='word_1_67' title='bbox 1185 722 1491 804; x_wconf 73' lang='lat' dir='ltr'><strong>praedicit.</strong></span> <span class='ocrx_word' id='word_1_68' title='bbox 1533 723 1672 802; x_wconf 79' lang='lat' dir='ltr'><strong>Ipse</strong></span> <span class='ocrx_word' id='word_1_69' title='bbox 1689 741 1764 785; x_wconf 91' lang='lat' dir='ltr'><strong>ex</strong></span> <span class='ocrx_word' id='word_1_70' title='bbox 1783 725 2040 800; x_wconf 81' lang='lat' dir='ltr'><strong>flumine,</strong></span> <span class='ocrx_word' id='word_1_71' title='bbox 2061 745 2238 806; x_wconf 88' lang='lat' dir='ltr'><strong>quam</strong></span> 
     </span>
     <span class='ocr_line' id='line_1_9' title="bbox 54 808 2236 891; baseline 0.001 -20"><span class='ocrx_word' id='word_1_72' title='bbox 54 829 416 891; x_wconf 76' lang='lat' dir='ltr'><strong>proxumam</strong></span> <span class='ocrx_word' id='word_1_73' title='bbox 438 809 661 888; x_wconf 87' lang='lat' dir='ltr'><strong>oppido</strong></span> <span class='ocrx_word' id='word_1_74' title='bbox 685 827 893 888; x_wconf 79' lang='lat' dir='ltr'><strong>aquam</strong></span> <span class='ocrx_word' id='word_1_75' title='bbox 922 827 1055 870; x_wconf 87' lang='lat' dir='ltr'><strong>esse</strong></span> <span class='ocrx_word' id='word_1_76' title='bbox 1092 827 1273 888; x_wconf 72' lang='lat' dir='ltr'><strong>supra</strong></span> <span class='ocrx_word' id='word_1_77' title='bbox 1297 808 1568 882; x_wconf 74' lang='lat' dir='ltr'><strong>diximus,</strong></span> <span class='ocrx_word' id='word_1_78' title='bbox 1606 810 1866 871; x_wconf 84' lang='lat' dir='ltr'><strong>iumenta</strong></span> <span class='ocrx_word' id='word_1_79' title='bbox 1891 820 2123 887; x_wconf 79' lang='lat' dir='ltr'><strong>onerat3</strong></span> <span class='ocrx_word' id='word_1_80' title='bbox 2162 832 2236 874; x_wconf 93' lang='lat' dir='ltr'><strong>eo</strong></span> 
     </span>
     <span class='ocr_line' id='line_1_10' title="bbox 54 895 2238 976; baseline 0 -17"><span class='ocrx_word' id='word_1_81' title='bbox 54 898 247 959; x_wconf 77' lang='lat' dir='ltr'><strong>modo</strong></span> <span class='ocrx_word' id='word_1_82' title='bbox 288 897 611 956; x_wconf 81' lang='lat' dir='ltr'><strong>instructus</strong></span> <span class='ocrx_word' id='word_1_83' title='bbox 652 896 726 955; x_wconf 89' lang='lat' dir='ltr'><strong>ad</strong></span> <span class='ocrx_word' id='word_1_84' title='bbox 762 895 1004 958; x_wconf 78' lang='lat' dir='ltr'><strong>Thalam</strong></span> <span class='ocrx_word' id='word_1_85' title='bbox 1046 895 1455 976; x_wconf 79' lang='lat' dir='ltr'><strong>proficiscitur.</strong></span> <span class='ocrx_word' id='word_1_86' title='bbox 1520 896 1748 957; x_wconf 79' lang='lat' dir='ltr'>Deinde</span> <span class='ocrx_word' id='word_1_87' title='bbox 1777 895 1880 956; x_wconf 87' lang='lat' dir='ltr'><strong>ubi</strong></span> <span class='ocrx_word' id='word_1_88' title='bbox 1921 897 1995 956; x_wconf 86' lang='lat' dir='ltr'><strong>ad</strong></span> <span class='ocrx_word' id='word_1_89' title='bbox 2028 897 2088 958; x_wconf 88' lang='lat' dir='ltr'><strong>id</strong></span> <span class='ocrx_word' id='word_1_90' title='bbox 2121 899 2238 958; x_wconf 85' lang='lat' dir='ltr'><strong>loci</strong></span> 
     </span>
     <span class='ocr_line' id='line_1_11' title="bbox 54 978 2236 1062; baseline 0.001 -20"><span class='ocrx_word' id='word_1_91' title='bbox 54 991 328 1055; x_wconf 75' lang='lat' dir='ltr'><strong>ventum,</strong></span> <span class='ocrx_word' id='word_1_92' title='bbox 354 999 473 1061; x_wconf 87' lang='lat' dir='ltr'><strong>quo</strong></span> <span class='ocrx_word' id='word_1_93' title='bbox 494 981 761 1042; x_wconf 84' lang='lat' dir='ltr'><strong>Numidis</strong></span> <span class='ocrx_word' id='word_1_94' title='bbox 779 991 1175 1062; x_wconf 77' lang='lat' dir='ltr'>praeceperat,</span> <span class='ocrx_word' id='word_1_95' title='bbox 1205 994 1264 1043; x_wconf 90' lang='lat' dir='ltr'><strong>et</strong></span> <span class='ocrx_word' id='word_1_96' title='bbox 1282 993 1473 1042; x_wconf 81' lang='lat' dir='ltr'><strong>eastra</strong></span> <span class='ocrx_word' id='word_1_97' title='bbox 1491 978 1684 1061; x_wconf 76' lang='lat' dir='ltr'><strong>posita</strong></span> <span class='ocrx_word' id='word_1_98' title='bbox 1709 981 2054 1060; x_wconf 77' lang='lat' dir='ltr'><strong>munitaque</strong></span> <span class='ocrx_word' id='word_1_99' title='bbox 2079 993 2236 1056; x_wconf 88' lang='lat' dir='ltr'><strong>sunt,</strong></span> 
     </span>
     <span class='ocr_line' id='line_1_12' title="bbox 52 1067 2240 1148; baseline 0.001 -20"><span class='ocrx_word' id='word_1_100' title='bbox 52 1078 226 1128; x_wconf 78' lang='lat' dir='ltr'><strong>tanta</strong></span> <span class='ocrx_word' id='word_1_101' title='bbox 253 1078 497 1148; x_wconf 87' lang='lat' dir='ltr'><strong>repente</strong></span> <span class='ocrx_word' id='word_1_102' title='bbox 525 1067 689 1129; x_wconf 81' lang='lat' dir='ltr'><strong>coelo</strong></span> <span class='ocrx_word' id='word_1_103' title='bbox 716 1069 896 1128; x_wconf 85' lang='lat' dir='ltr'><strong>missa</strong></span> <span class='ocrx_word' id='word_1_104' title='bbox 922 1069 1013 1129; x_wconf 83' lang='lat' dir='ltr'><strong>vis</strong></span> <span class='ocrx_word' id='word_1_105' title='bbox 1042 1078 1228 1148; x_wconf 88' lang='lat' dir='ltr'><strong>aquae</strong></span> <span class='ocrx_word' id='word_1_106' title='bbox 1265 1067 1497 1141; x_wconf 85' lang='lat' dir='ltr'><strong>dieitur,</strong></span> <span class='ocrx_word' id='word_1_107' title='bbox 1520 1077 1610 1130; x_wconf 65' lang='lat' dir='ltr'><strong>‘ut</strong></span> <span class='ocrx_word' id='word_1_108' title='bbox 1645 1086 1713 1128; x_wconf 89' lang='lat' dir='ltr'><strong>ea</strong></span> <span class='ocrx_word' id='word_1_109' title='bbox 1753 1069 1934 1128; x_wconf 89' lang='lat' dir='ltr'><strong>modo</strong></span> <span class='ocrx_word' id='word_1_110' title='bbox 1961 1068 2240 1130; x_wconf 85' lang='lat' dir='ltr'><strong>exercitui</strong></span> 
     </span>
     <span class='ocr_line' id='line_1_13' title="bbox 55 1154 2238 1234; baseline 0.001 -20"><span class='ocrx_word' id='word_1_111' title='bbox 55 1154 209 1214; x_wconf 85' lang='lat' dir='ltr'><strong>satis</strong></span> <span class='ocrx_word' id='word_1_112' title='bbox 244 1171 539 1234; x_wconf 81' lang='lat' dir='ltr'><strong>superque</strong></span> <span class='ocrx_word' id='word_1_113' title='bbox 569 1154 741 1218; x_wconf 81' lang='lat' dir='ltr'><strong>soret.</strong></span> <span class='ocrx_word' id='word_1_114' title='bbox 786 1155 1099 1216; x_wconf 88' lang='lat' dir='ltr'><strong>Praeterea</strong></span> <span class='ocrx_word' id='word_1_115' title='bbox 1136 1160 1501 1214; x_wconf 73' lang='lat' dir='ltr'><strong>commeatus</strong></span> <span class='ocrx_word' id='word_1_116' title='bbox 1529 1173 1641 1233; x_wconf 89' lang='lat' dir='ltr'><strong>spe</strong></span> <span class='ocrx_word' id='word_1_117' title='bbox 1665 1155 1931 1234; x_wconf 86' lang='lat' dir='ltr'><strong>amplior,</strong></span> <span class='ocrx_word' id='word_1_118' title='bbox 1961 1155 2094 1233; x_wconf 83' lang='lat' dir='ltr'><strong>quia</strong></span> <span class='ocrx_word' id='word_1_119' title='bbox 2113 1155 2238 1216; x_wconf 85' lang='lat' dir='ltr'><strong>Nu—</strong></span> 
     </span>
     <span class='ocr_line' id='line_1_14' title="bbox 54 1237 2236 1318; baseline 0.001 -18"><span class='ocrx_word' id='word_1_120' title='bbox 54 1239 317 1311; x_wconf 81' lang='lat' dir='ltr'><strong>midae,·</strong></span> <span class='ocrx_word' id='word_1_121' title='bbox 355 1239 525 1301; x_wconf 81' lang='lat' dir='ltr'><strong>sicuti</strong></span> <span class='ocrx_word' id='word_1_122' title='bbox 584 1238 849 1318; x_wconf 80' lang='lat' dir='ltr'><strong>plerique</strong></span> <span class='ocrx_word' id='word_1_123' title='bbox 896 1239 957 1299; x_wconf 91' lang='lat' dir='ltr'><strong>in</strong></span> <span class='ocrx_word' id='word_1_124' title='bbox 1002 1257 1156 1299; x_wconf 76' lang='lat' dir='ltr'><strong>nova</strong></span> <span class='ocrx_word' id='word_1_125' title='bbox 1211 1237 1540 1311; x_wconf 82' lang='lat' dir='ltr'><strong>deditione,</strong></span> <span class='ocrx_word' id='word_1_126' title='bbox 1601 1240 1795 1300; x_wconf 79' lang='lat' dir='ltr'><strong>officia</strong></span> <span class='ocrx_word' id='word_1_127' title='bbox 1837 1241 2236 1302; x_wconf 78' lang='lat' dir='ltr'><strong>intenderant.</strong></span> 
     </span>
     <span class='ocr_line' id='line_1_15' title="bbox 56 1323 2236 1404; baseline 0 -17"><span class='ocrx_word' id='word_1_128' title='bbox 56 1327 337 1388; x_wconf 78' lang='lat' dir='ltr'><strong>Ceterum</strong></span> <span class='ocrx_word' id='word_1_129' title='bbox 388 1325 601 1385; x_wconf 80' lang='lat' dir='ltr'><strong>milites</strong></span> <span class='ocrx_word' id='word_1_130' title='bbox 650 1323 936 1402; x_wconf 80' lang='lat' dir='ltr'><strong>religione</strong></span> <span class='ocrx_word' id='word_1_131' title='bbox 984 1324 1181 1404; x_wconf 84' lang='lat' dir='ltr'><strong>pluvia</strong></span> <span class='ocrx_word' id='word_1_132' title='bbox 1221 1325 1408 1402; x_wconf 82' lang='lat' dir='ltr'><strong>magis</strong></span> <span class='ocrx_word' id='word_1_133' title='bbox 1449 1325 1573 1397; x_wconf 81' lang='lat' dir='ltr'><strong>usi,</strong></span> <span class='ocrx_word' id='word_1_134' title='bbox 1623 1344 1808 1404; x_wconf 85' lang='lat' dir='ltr'><strong>eaque</strong></span> <span class='ocrx_word' id='word_1_135' title='bbox 1848 1345 1946 1386; x_wconf 85' lang='lat' dir='ltr'><strong>res</strong></span> <span class='ocrx_word' id='word_1_136' title='bbox 1988 1327 2236 1388; x_wconf 85' lang='lat' dir='ltr'><strong>multum</strong></span> 
     </span>
     <span class='ocr_line' id='line_1_16' title="bbox 59 1410 2321 1485; baseline 0.002 -14"><span class='ocrx_word' id='word_1_137' title='bbox 59 1411 279 1471; x_wconf 84' lang='lat' dir='ltr'><strong>animis</strong></span> <span class='ocrx_word' id='word_1_138' title='bbox 306 1427 511 1471; x_wconf 86' lang='lat' dir='ltr'><strong>eorum</strong></span> <span class='ocrx_word' id='word_1_139' title='bbox 540 1410 798 1485; x_wconf 82' lang='lat' dir='ltr'><strong>addidit3</strong></span> <span class='ocrx_word' id='word_1_140' title='bbox 837 1427 973 1471; x_wconf 84' lang='lat' dir='ltr'><strong>nam</strong></span> <span class='ocrx_word' id='word_1_141' title='bbox 1000 1412 1111 1475; x_wconf 84' lang='lat' dir='ltr'><strong>rati</strong></span> <span class='ocrx_word' id='word_1_142' title='bbox 1143 1429 1277 1472; x_wconf 89' lang='lat' dir='ltr'><strong>sese</strong></span> <span class='ocrx_word' id='word_1_143' title='bbox 1311 1411 1404 1470; x_wconf 70' lang='lat' dir='ltr'><strong>dis</strong></span> <span class='ocrx_word' id='word_1_144' title='bbox 1429 1410 1858 1473; x_wconf 68' lang='lat' dir='ltr'><strong>immortalibus</strong></span> <span class='ocrx_word' id='word_1_145' title='bbox 1883 1431 2058 1474; x_wconf 85' lang='lat' dir='ltr'><strong>eurae</strong></span> <span class='ocrx_word' id='word_1_146' title='bbox 2081 1431 2240 1475; x_wconf 87' lang='lat' dir='ltr'><strong>esse.</strong></span> <span class='ocrx_word' id='word_1_147' title='bbox 2317 1436 2321 1444; x_wconf 92' lang='lat'>·</span> 
     </span>
     <span class='ocr_line' id='line_1_17' title="bbox 54 1495 2242 1579; baseline 0.001 -21"><span class='ocrx_word' id='word_1_148' title='bbox 54 1497 291 1558; x_wconf 81' lang='lat' dir='ltr'><strong>Deinde</strong></span> <span class='ocrx_word' id='word_1_149' title='bbox 336 1503 578 1576; x_wconf 88' lang='lat' dir='ltr'><strong>postero</strong></span> <span class='ocrx_word' id='word_1_150' title='bbox 612 1495 707 1558; x_wconf 90' lang='lat' dir='ltr'><strong>die</strong></span> <span class='ocrx_word' id='word_1_151' title='bbox 742 1504 946 1558; x_wconf 84' lang='lat' dir='ltr'><strong>eontra</strong></span> <span class='ocrx_word' id='word_1_152' title='bbox 992 1497 1332 1576; x_wconf 85' lang='lat' dir='ltr'><strong>opinionem</strong></span> <span class='ocrx_word' id='word_1_153' title='bbox 1371 1498 1685 1574; x_wconf 72' lang='lat' dir='ltr'><strong>Iugurthae</strong></span> <span class='ocrx_word' id='word_1_154' title='bbox 1722 1499 1794 1560; x_wconf 86' lang='lat' dir='ltr'><strong>ad</strong></span> <span class='ocrx_word' id='word_1_155' title='bbox 1821 1499 2063 1560; x_wconf 82' lang='lat' dir='ltr'><strong>Thalam</strong></span> <span class='ocrx_word' id='word_1_156' title='bbox 2097 1517 2242 1579; x_wconf 86' lang='lat' dir='ltr'><strong>per-</strong></span> 
     </span>
     <span class='ocr_line' id='line_1_18' title="bbox 52 1581 2236 1662; baseline 0.002 -21"><span class='ocrx_word' id='word_1_157' title='bbox 52 1583 321 1644; x_wconf 75' lang='lat' dir='ltr'><strong>veniunt.</strong></span> <span class='ocrx_word' id='word_1_158' title='bbox 370 1581 680 1662; x_wconf 80' lang='lat' dir='ltr'><strong>Oppidani,</strong></span> <span class='ocrx_word' id='word_1_159' title='bbox 711 1584 809 1662; x_wconf 87' lang='lat' dir='ltr'><strong>qui</strong></span> <span class='ocrx_word' id='word_1_160' title='bbox 842 1601 907 1643; x_wconf 89' lang='lat' dir='ltr'><strong>se</strong></span> <span class='ocrx_word' id='word_1_161' title='bbox 932 1583 1195 1644; x_wconf 82' lang='lat' dir='ltr'><strong>locorum</strong></span> <span class='ocrx_word' id='word_1_162' title='bbox 1222 1583 1536 1661; x_wconf 80' lang='lat' dir='ltr'><strong>asperitate</strong></span> <span class='ocrx_word' id='word_1_163' title='bbox 1563 1583 1818 1643; x_wconf 81' lang='lat' dir='ltr'><strong>munitos</strong></span> <span class='ocrx_word' id='word_1_164' title='bbox 1843 1586 2236 1658; x_wconf 81' lang='lat' dir='ltr'><strong>crediderant,</strong></span> 
     </span>
     <span class='ocr_line' id='line_1_19' title="bbox 54 1667 2238 1748; baseline 0.002 -20"><span class='ocrx_word' id='word_1_165' title='bbox 54 1684 272 1746; x_wconf 82' lang='lat' dir='ltr'><strong>magna</strong></span> <span class='ocrx_word' id='word_1_166' title='bbox 296 1674 469 1748; x_wconf 87' lang='lat' dir='ltr'><strong>atque</strong></span> <span class='ocrx_word' id='word_1_167' title='bbox 492 1669 726 1730; x_wconf 87' lang='lat' dir='ltr'><strong>insolita</strong></span> <span class='ocrx_word' id='word_1_168' title='bbox 748 1684 814 1728; x_wconf 87' lang='lat' dir='ltr'><strong>re</strong></span> <span class='ocrx_word' id='word_1_169' title='bbox 836 1668 1088 1748; x_wconf 77' lang='lat' dir='ltr'><strong>perculsi</strong></span> <span class='ocrx_word' id='word_1_170' title='bbox 1114 1668 1296 1732; x_wconf 79' lang='lat' dir='ltr'><strong>nihile</strong></span> <span class='ocrx_word' id='word_1_171' title='bbox 1319 1667 1556 1746; x_wconf 81' lang='lat' dir='ltr'><strong>segnius</strong></span> <span class='ocrx_word' id='word_1_172' title='bbox 1580 1667 1796 1728; x_wconf 85' lang='lat' dir='ltr'><strong>bellum</strong></span> <span class='ocrx_word' id='word_1_173' title='bbox 1815 1685 2054 1748; x_wconf 80' lang='lat' dir='ltr'><strong>parare3</strong></span> <span class='ocrx_word' id='word_1_174' title='bbox 2081 1673 2238 1732; x_wconf 80' lang='lat' dir='ltr'><strong>idem</strong></span> 
     </span>
     <span class='ocr_line' id='line_1_20' title="bbox 53 1753 486 1815; baseline 0.005 -2"><span class='ocrx_word' id='word_1_175' title='bbox 53 1753 251 1814; x_wconf 88' lang='lat' dir='ltr'><strong>nostri</strong></span> <span class='ocrx_word' id='word_1_176' title='bbox 276 1755 486 1815; x_wconf 83' lang='lat' dir='ltr'><strong>faeere.</strong></span> 
     </span>
     <span class='ocr_line' id='line_1_21' title="bbox 2 1837 2241 1918; baseline 0.002 -23"><span class='ocrx_word' id='word_1_177' title='bbox 2 1890 4 1895; x_wconf 88' lang='lat'><strong>.</strong></span> <span class='ocrx_word' id='word_1_178' title='bbox 192 1840 356 1918; x_wconf 82' lang='lat' dir='ltr'><strong>Cap.</strong></span> <span class='ocrx_word' id='word_1_179' title='bbox 394 1837 644 1900; x_wconf 79' lang='lat' dir='ltr'><strong>LXXVI.</strong></span> <span class='ocrx_word' id='word_1_180' title='bbox 709 1838 832 1898; x_wconf 83' lang='lat' dir='ltr'><strong>Sed</strong></span> <span class='ocrx_word' id='word_1_181' title='bbox 871 1856 973 1898; x_wconf 83' lang='lat' dir='ltr'><strong>rex</strong></span> <span class='ocrx_word' id='word_1_182' title='bbox 1017 1837 1165 1899; x_wconf 85' lang='lat' dir='ltr'><strong>nihil</strong></span> <span class='ocrx_word' id='word_1_183' title='bbox 1205 1839 1322 1899; x_wconf 88' lang='lat' dir='ltr'><strong>iam</strong></span> <span class='ocrx_word' id='word_1_184' title='bbox 1363 1839 1641 1900; x_wconf 80' lang='lat' dir='ltr'><strong>infectum</strong></span> <span class='ocrx_word' id='word_1_185' title='bbox 1686 1838 1918 1901; x_wconf 76' lang='lat' dir='ltr'><strong>Metello</strong></span> <span class='ocrx_word' id='word_1_186' title='bbox 1962 1841 2241 1912; x_wconf 81' lang='lat' dir='ltr'><strong>credenS,</strong></span> 
     </span>
     <span class='ocr_line' id='line_1_22' title="bbox 55 1923 2258 2005; baseline 0 -20"><span class='ocrx_word' id='word_1_187' title='bbox 55 1925 286 2004; x_wconf 81' lang='lat' dir='ltr'><strong>quippe</strong></span> <span class='ocrx_word' id='word_1_188' title='bbox 334 1925 431 2003; x_wconf 89' lang='lat' dir='ltr'><strong>qui</strong></span> <span class='ocrx_word' id='word_1_189' title='bbox 472 1923 685 1997; x_wconf 83' lang='lat' dir='ltr'><strong>omnia,</strong></span> <span class='ocrx_word' id='word_1_190' title='bbox 730 1939 909 1999; x_wconf 79' lang='lat' dir='ltr'><strong>arma,</strong></span> <span class='ocrx_word' id='word_1_191' title='bbox 946 1923 1080 1997; x_wconf 89' lang='lat' dir='ltr'><strong>tela,</strong></span> <span class='ocrx_word' id='word_1_192' title='bbox 1119 1924 1306 1999; x_wconf 56' lang='lat' dir='ltr'><strong>loeus.</strong></span> <span class='ocrx_word' id='word_1_193' title='bbox 1349 1933 1634 2005; x_wconf 86' lang='lat' dir='ltr'><strong>tempora,</strong></span> <span class='ocrx_word' id='word_1_194' title='bbox 1673 1925 1924 2005; x_wconf 79' lang='lat' dir='ltr'><strong>denique</strong></span> <span class='ocrx_word' id='word_1_195' title='bbox 1963 1934 2258 1988; x_wconf 75' lang='lat' dir='ltr'><strong>naturam.</strong></span> 
     </span>
    </p>
   </div>
   <div class='ocr_carea' id='block_1_3' title="bbox 51 1988 2399 2099">
    <p class='ocr_par' dir='ltr' id='par_1_3' title="bbox 51 1988 2399 2099">
     <span class='ocr_line' id='line_1_23' title="bbox 51 1988 2399 2099; baseline 0 -27"><span class='ocrx_word' id='word_1_196' title='bbox 51 2011 251 2090; x_wconf 84' lang='lat' dir='ltr'><strong>ipsam</strong></span> <span class='ocrx_word' id='word_1_197' title='bbox 278 2010 492 2071; x_wconf 78' lang='lat' dir='ltr'><strong>ceteris</strong></span> <span class='ocrx_word' id='word_1_198' title='bbox 526 2009 955 2091; x_wconf 77' lang='lat' dir='ltr'><strong>imperitantem</strong></span> <span class='ocrx_word' id='word_1_199' title='bbox 980 2011 1268 2072; x_wconf 88' lang='lat' dir='ltr'><strong>industria</strong></span> <span class='ocrx_word' id='word_1_200' title='bbox 1295 2011 1526 2084; x_wconf 83' lang='lat' dir='ltr'><strong>vicerat,</strong></span> <span class='ocrx_word' id='word_1_201' title='bbox 1555 2030 1686 2073; x_wconf 85' lang='lat' dir='ltr'><strong>eum</strong></span> <span class='ocrx_word' id='word_1_202' title='bbox 1714 2012 1914 2073; x_wconf 82' lang='lat' dir='ltr'><strong>liberis</strong></span> <span class='ocrx_word' id='word_1_203' title='bbox 1947 2020 2006 2073; x_wconf 89' lang='lat' dir='ltr'><strong>et</strong></span> <span class='ocrx_word' id='word_1_204' title='bbox 2025 2030 2240 2091; x_wconf 80' lang='lat' dir='ltr'><strong>magna</strong></span> <span class='ocrx_word' id='word_1_205' title='bbox 2315 2078 2326 2083; x_wconf 67' lang='grc'><strong>,</strong></span> <span class='ocrx_word' id='word_1_206' title='bbox 2396 1988 2399 2099; x_wconf 91' lang='grc' dir='ltr'>Ξ</span> 
     </span>
    </p>
   </div>
   <div class='ocr_carea' id='block_1_4' title="bbox 0 2096 2244 3636">
    <p class='ocr_par' dir='ltr' id='par_1_4' title="bbox 0 2096 2244 3549">
     <span class='ocr_line' id='line_1_24' title="bbox 53 2096 2244 2178; baseline 0 -21"><span class='ocrx_word' id='word_1_207' title='bbox 53 2104 229 2178; x_wconf 87' lang='lat' dir='ltr'><strong>parte</strong></span> <span class='ocrx_word' id='word_1_208' title='bbox 256 2096 545 2175; x_wconf 78' lang='lat' dir='ltr'><strong>pecuniae</strong></span> <span class='ocrx_word' id='word_1_209' title='bbox 572 2114 644 2157; x_wconf 87' lang='lat' dir='ltr'><strong>ex</strong></span> <span class='ocrx_word' id='word_1_210' title='bbox 668 2098 888 2177; x_wconf 87' lang='lat' dir='ltr'><strong>oppido</strong></span> <span class='ocrx_word' id='word_1_211' title='bbox 917 2108 1101 2158; x_wconf 82' lang='lat' dir='ltr'><strong>noctu</strong></span> <span class='ocrx_word' id='word_1_212' title='bbox 1124 2098 1402 2177; x_wconf 78' lang='lat' dir='ltr'><strong>profugit.</strong></span> <span class='ocrx_word' id='word_1_213' title='bbox 1430 2116 1624 2177; x_wconf 81' lang='lat' dir='ltr'><strong>neque</strong></span> <span class='ocrx_word' id='word_1_214' title='bbox 1645 2107 1851 2176; x_wconf 84' lang='lat' dir='ltr'><strong>postea</strong></span> <span class='ocrx_word' id='word_1_215' title='bbox 1872 2098 1934 2158; x_wconf 88' lang='lat' dir='ltr'><strong>in</strong></span> <span class='ocrx_word' id='word_1_216' title='bbox 1957 2099 2077 2160; x_wconf 85' lang='lat' dir='ltr'><strong>ullo</strong></span> <span class='ocrx_word' id='word_1_217' title='bbox 2103 2099 2244 2159; x_wconf 82' lang='lat' dir='ltr'><strong>loeo</strong></span> 
     </span>
     <span class='ocr_line' id='line_1_25' title="bbox 55 2181 2240 2262; baseline 0.001 -20"><span class='ocrx_word' id='word_1_218' title='bbox 55 2183 312 2262; x_wconf 86' lang='lat' dir='ltr'><strong>amplius</strong></span> <span class='ocrx_word' id='word_1_219' title='bbox 350 2202 471 2245; x_wconf 88' lang='lat' dir='ltr'><strong>uno</strong></span> <span class='ocrx_word' id='word_1_220' title='bbox 513 2181 607 2243; x_wconf 90' lang='lat' dir='ltr'><strong>die</strong></span> <span class='ocrx_word' id='word_1_221' title='bbox 654 2190 755 2245; x_wconf 81' lang='lat' dir='ltr'><strong>aut</strong></span> <span class='ocrx_word' id='word_1_222' title='bbox 794 2202 911 2244; x_wconf 89' lang='lat' dir='ltr'><strong>una</strong></span> <span class='ocrx_word' id='word_1_223' title='bbox 954 2190 1127 2244; x_wconf 80' lang='lat' dir='ltr'><strong>nocte</strong></span> <span class='ocrx_word' id='word_1_224' title='bbox 1166 2192 1447 2256; x_wconf 78' lang='lat' dir='ltr'><strong>moratuS,</strong></span> <span class='ocrx_word' id='word_1_225' title='bbox 1493 2184 1804 2244; x_wconf 82' lang='lat' dir='ltr'><strong>simulabat</strong></span> <span class='ocrx_word' id='word_1_226' title='bbox 1847 2202 1982 2243; x_wconf 90' lang='lat' dir='ltr'><strong>sese</strong></span> <span class='ocrx_word' id='word_1_227' title='bbox 2016 2184 2240 2262; x_wconf 81' lang='lat' dir='ltr'><strong>negotii</strong></span> 
     </span>
     <span class='ocr_line' id='line_1_26' title="bbox 57 2268 2237 2349; baseline 0.001 -21"><span class='ocrx_word' id='word_1_228' title='bbox 57 2269 245 2346; x_wconf 82' lang='lat' dir='ltr'><strong>gratia</strong></span> <span class='ocrx_word' id='word_1_229' title='bbox 268 2284 621 2348; x_wconf 80' lang='lat' dir='ltr'><strong>properare3</strong></span> <span class='ocrx_word' id='word_1_230' title='bbox 660 2274 919 2329; x_wconf 83' lang='lat' dir='ltr'><strong>ceterum</strong></span> <span class='ocrx_word' id='word_1_231' title='bbox 946 2268 1345 2347; x_wconf 83' lang='lat' dir='ltr'><strong>proditionem</strong></span> <span class='ocrx_word' id='word_1_232' title='bbox 1365 2268 1625 2340; x_wconf 86' lang='lat' dir='ltr'><strong>timebat,</strong></span> <span class='ocrx_word' id='word_1_233' title='bbox 1654 2286 1825 2347; x_wconf 88' lang='lat' dir='ltr'><strong>quam</strong></span> <span class='ocrx_word' id='word_1_234' title='bbox 1851 2268 2030 2329; x_wconf 84' lang='lat' dir='ltr'><strong>vitare</strong></span> <span class='ocrx_word' id='word_1_235' title='bbox 2053 2288 2237 2349; x_wconf 88' lang='lat' dir='ltr'><strong>posse</strong></span> 
     </span>
     <span class='ocr_line' id='line_1_27' title="bbox 58 2352 2240 2433; baseline 0 -19"><span class='ocrx_word' id='word_1_236' title='bbox 58 2354 359 2414; x_wconf 83' lang='lat' dir='ltr'><strong>eeleritate</strong></span> <span class='ocrx_word' id='word_1_237' title='bbox 386 2352 649 2431; x_wconf 84' lang='lat' dir='ltr'><strong>putabat,</strong></span> <span class='ocrx_word' id='word_1_238' title='bbox 683 2368 820 2414; x_wconf 82' lang='lat' dir='ltr'><strong>nam</strong></span> <span class='ocrx_word' id='word_1_239' title='bbox 845 2353 976 2414; x_wconf 86' lang='lat' dir='ltr'><strong>talia</strong></span> <span class='ocrx_word' id='word_1_240' title='bbox 1000 2354 1245 2414; x_wconf 79' lang='lat' dir='ltr'><strong>consilia</strong></span> <span class='ocrx_word' id='word_1_241' title='bbox 1271 2372 1378 2433; x_wconf 88' lang='lat' dir='ltr'><strong>per</strong></span> <span class='ocrx_word' id='word_1_242' title='bbox 1401 2354 1580 2414; x_wconf 87' lang='lat' dir='ltr'><strong>otium</strong></span> <span class='ocrx_word' id='word_1_243' title='bbox 1605 2362 1664 2413; x_wconf 84' lang='lat' dir='ltr'><strong>et</strong></span> <span class='ocrx_word' id='word_1_244' title='bbox 1697 2370 1768 2413; x_wconf 82' lang='lat' dir='ltr'><strong>ex</strong></span> <span class='ocrx_word' id='word_1_245' title='bbox 1795 2356 2240 2433; x_wconf 80' lang='lat' dir='ltr'><strong>opportunitate</strong></span> 
     </span>
     <span class='ocr_line' id='line_1_28' title="bbox 56 2438 2238 2537; baseline 0.001 -38"><span class='ocrx_word' id='word_1_246' title='bbox 56 2440 211 2518; x_wconf 76' lang='lat' dir='ltr'><strong>capi.</strong></span> <span class='ocrx_word' id='word_1_247' title='bbox 259 2441 333 2499; x_wconf 85' lang='lat' dir='ltr'><strong>At</strong></span> <span class='ocrx_word' id='word_1_248' title='bbox 353 2438 645 2510; x_wconf 77' lang='lat' dir='ltr'><strong>Metellus,</strong></span> <span class='ocrx_word' id='word_1_249' title='bbox 679 2438 779 2499; x_wconf 83' lang='lat' dir='ltr'><strong>ubi</strong></span> <span class='ocrx_word' id='word_1_250' title='bbox 808 2439 1139 2537; x_wconf 82' lang='lat' dir='ltr'><strong>oppidanos</strong></span> <span class='ocrx_word' id='word_1_251' title='bbox 1179 2441 1404 2521; x_wconf 86' lang='lat' dir='ltr'><strong>praelio</strong></span> <span class='ocrx_word' id='word_1_252' title='bbox 1437 2440 1716 2513; x_wconf 38' lang='lat' dir='ltr'><strong>intentos&amp;</strong></span> <span class='ocrx_word' id='word_1_253' title='bbox 1750 2440 1930 2502; x_wconf 77' lang='lat' dir='ltr'><strong>simul</strong></span> <span class='ocrx_word' id='word_1_254' title='bbox 1952 2442 2238 2520; x_wconf 86' lang='lat' dir='ltr'><strong>oppidum</strong></span> 
     </span>
     <span class='ocr_line' id='line_1_29' title="bbox 56 2524 2238 2621; baseline 0.001 -36"><span class='ocrx_word' id='word_1_255' title='bbox 56 2533 119 2585; x_wconf 84' lang='lat' dir='ltr'><strong>et</strong></span> <span class='ocrx_word' id='word_1_256' title='bbox 148 2524 431 2605; x_wconf 78' lang='lat' dir='ltr'><strong>operibus</strong></span> <span class='ocrx_word' id='word_1_257' title='bbox 450 2530 519 2584; x_wconf 89' lang='lat' dir='ltr'><strong>et</strong></span> <span class='ocrx_word' id='word_1_258' title='bbox 540 2525 673 2585; x_wconf 86' lang='lat' dir='ltr'><strong>loeo</strong></span> <span class='ocrx_word' id='word_1_259' title='bbox 698 2525 987 2590; x_wconf 85' lang='lat' dir='ltr'><strong>munitum</strong></span> <span class='ocrx_word' id='word_1_260' title='bbox 1010 2526 1197 2599; x_wconf 86' lang='lat' dir='ltr'><strong>videt,</strong></span> <span class='ocrx_word' id='word_1_261' title='bbox 1223 2524 1370 2585; x_wconf 87' lang='lat' dir='ltr'><strong>vallo</strong></span> <span class='ocrx_word' id='word_1_262' title='bbox 1407 2527 1684 2603; x_wconf 80' lang='lat' dir='ltr'><strong>fossaque</strong></span> <span class='ocrx_word' id='word_1_263' title='bbox 1719 2526 1951 2587; x_wconf 85' lang='lat' dir='ltr'><strong>moenia</strong></span> <span class='ocrx_word' id='word_1_264' title='bbox 1987 2528 2238 2621; x_wconf 84' lang='lat' dir='ltr'><strong>circum-</strong></span> 
     </span>
     <span class='ocr_line' id='line_1_30' title="bbox 54 2598 2236 2691; baseline 0.002 -22"><span class='ocrx_word' id='word_1_265' title='bbox 54 2612 240 2672; x_wconf 86' lang='lat' dir='ltr'><strong>venit.</strong></span> <span class='ocrx_word' id='word_1_266' title='bbox 297 2598 523 2673; x_wconf 73' lang='lat' dir='ltr'><strong>Deinde</strong></span> <span class='ocrx_word' id='word_1_267' title='bbox 550 2611 717 2672; x_wconf 89' lang='lat' dir='ltr'><strong>iubet</strong></span> <span class='ocrx_word' id='word_1_268' title='bbox 744 2610 889 2672; x_wconf 87' lang='lat' dir='ltr'><strong>loeis</strong></span> <span class='ocrx_word' id='word_1_269' title='bbox 930 2628 999 2670; x_wconf 85' lang='lat' dir='ltr'><strong>ex</strong></span> <span class='ocrx_word' id='word_1_270' title='bbox 1040 2612 1211 2691; x_wconf 79' lang='lat' dir='ltr'><strong>eopia</strong></span> <span class='ocrx_word' id='word_1_271' title='bbox 1237 2627 1511 2673; x_wconf 73' lang='lat' dir='ltr'><strong>maxume</strong></span> <span class='ocrx_word' id='word_1_272' title='bbox 1541 2612 1772 2672; x_wconf 85' lang='lat' dir='ltr'><strong>idoneis</strong></span> <span class='ocrx_word' id='word_1_273' title='bbox 1804 2612 2008 2673; x_wconf 76' lang='lat' dir='ltr'><strong>vineas</strong></span> <span class='ocrx_word' id='word_1_274' title='bbox 2041 2608 2236 2691; x_wconf 80' lang='lat' dir='ltr'><strong>ag&#39;ere,</strong></span> 
     </span>
     <span class='ocr_line' id='line_1_31' title="bbox 56 2697 2236 2777; baseline 0.002 -22"><span class='ocrx_word' id='word_1_275' title='bbox 56 2715 361 2776; x_wconf 78' lang='lat' dir='ltr'><strong>superque</strong></span> <span class='ocrx_word' id='word_1_276' title='bbox 402 2714 505 2757; x_wconf 90' lang='lat' dir='ltr'><strong>eas</strong></span> <span class='ocrx_word' id='word_1_277' title='bbox 538 2711 812 2776; x_wconf 81' lang='lat' dir='ltr'><strong>aggerem</strong></span> <span class='ocrx_word' id='word_1_278' title='bbox 841 2697 1033 2758; x_wconf 81' lang='lat' dir='ltr'><strong>iacere</strong></span> <span class='ocrx_word' id='word_1_279' title='bbox 1061 2704 1121 2758; x_wconf 88' lang='lat' dir='ltr'><strong>et</strong></span> <span class='ocrx_word' id='word_1_280' title='bbox 1146 2714 1326 2777; x_wconf 87' lang='lat' dir='ltr'><strong>super</strong></span> <span class='ocrx_word' id='word_1_281' title='bbox 1363 2716 1636 2777; x_wconf 84' lang='lat' dir='ltr'><strong>aggerem</strong></span> <span class='ocrx_word' id='word_1_282' title='bbox 1667 2698 1956 2777; x_wconf 81' lang='lat' dir='ltr'><strong>impositis</strong></span> <span class='ocrx_word' id='word_1_283' title='bbox 1973 2699 2236 2759; x_wconf 86' lang='lat' dir='ltr'><strong>turribus</strong></span> 
     </span>
     <span class='ocr_line' id='line_1_32' title="bbox 0 2783 2235 2863; baseline 0.001 -22"><span class='ocrx_word' id='word_1_284' title='bbox 0 2839 9 2858; x_wconf 77' lang='lat'>‚</span> <span class='ocrx_word' id='word_1_285' title='bbox 56 2799 212 2862; x_wconf 79' lang='lat' dir='ltr'><strong>opus</strong></span> <span class='ocrx_word' id='word_1_286' title='bbox 276 2792 335 2843; x_wconf 88' lang='lat' dir='ltr'><strong>et</strong></span> <span class='ocrx_word' id='word_1_287' title='bbox 387 2784 767 2844; x_wconf 84' lang='lat' dir='ltr'><strong>administros</strong></span> <span class='ocrx_word' id='word_1_288' title='bbox 821 2783 1015 2844; x_wconf 85' lang='lat' dir='ltr'><strong>tutari.</strong></span> <span class='ocrx_word' id='word_1_289' title='bbox 1114 2784 1333 2845; x_wconf 86' lang='lat' dir='ltr'><strong>Contra</strong></span> <span class='ocrx_word' id='word_1_290' title='bbox 1385 2785 1534 2844; x_wconf 85' lang='lat' dir='ltr'><strong>haee</strong></span> <span class='ocrx_word' id='word_1_291' title='bbox 1596 2784 1881 2863; x_wconf 87' lang='lat' dir='ltr'><strong>oppidani</strong></span> <span class='ocrx_word' id='word_1_292' title='bbox 1933 2783 2235 2858; x_wconf 78' lang='lat' dir='ltr'><strong>festinare,</strong></span> 
     </span>
     <span class='ocr_line' id='line_1_33' title="bbox 16 2860 2236 2950; baseline 0.001 -23"><span class='ocrx_word' id='word_1_293' title='bbox 16 2860 287 2946; x_wconf 69' lang='lat' dir='ltr'><strong>*pat-are,</strong></span> <span class='ocrx_word' id='word_1_294' title='bbox 314 2886 561 2946; x_wconf 86' lang='lat' dir='ltr'><strong>prorsus</strong></span> <span class='ocrx_word' id='word_1_295' title='bbox 586 2870 659 2930; x_wconf 84' lang='lat' dir='ltr'><strong>ab</strong></span> <span class='ocrx_word' id='word_1_296' title='bbox 692 2870 957 2947; x_wconf 87' lang='lat' dir='ltr'><strong>utrisque</strong></span> <span class='ocrx_word' id='word_1_297' title='bbox 994 2869 1137 2931; x_wconf 89' lang='lat' dir='ltr'><strong>nihil</strong></span> <span class='ocrx_word' id='word_1_298' title='bbox 1164 2871 1458 2950; x_wconf 85' lang='lat' dir='ltr'><strong>reliquum</strong></span> <span class='ocrx_word' id='word_1_299' title='bbox 1483 2870 1629 2932; x_wconf 85' lang='lat' dir='ltr'><strong>fieri.</strong></span> <span class='ocrx_word' id='word_1_300' title='bbox 1674 2870 1939 2949; x_wconf 82' lang='lat' dir='ltr'><strong>Denique</strong></span> <span class='ocrx_word' id='word_1_301' title='bbox 1965 2870 2236 2945; x_wconf 85' lang='lat' dir='ltr'><strong>Romani,</strong></span> 
     </span>
     <span class='ocr_line' id='line_1_34' title="bbox 55 2952 2236 3036; baseline 0.002 -23"><span class='ocrx_word' id='word_1_302' title='bbox 55 2955 247 3015; x_wconf 79' lang='lat' dir='ltr'><strong>multo</strong></span> <span class='ocrx_word' id='word_1_303' title='bbox 272 2960 406 3013; x_wconf 82' lang='lat' dir='ltr'><strong>ante</strong></span> <span class='ocrx_word' id='word_1_304' title='bbox 440 2952 641 3014; x_wconf 87' lang='lat' dir='ltr'><strong>labore</strong></span> <span class='ocrx_word' id='word_1_305' title='bbox 664 2955 1017 3035; x_wconf 84' lang='lat' dir='ltr'><strong>praeliisque</strong></span> <span class='ocrx_word' id='word_1_306' title='bbox 1039 2956 1276 3034; x_wconf 84' lang='lat' dir='ltr'><strong>fatigati,</strong></span> <span class='ocrx_word' id='word_1_307' title='bbox 1315 2966 1454 3035; x_wconf 88' lang='lat' dir='ltr'><strong>post</strong></span> <span class='ocrx_word' id='word_1_308' title='bbox 1477 2957 1614 3017; x_wconf 83' lang='lat' dir='ltr'><strong>dies</strong></span> <span class='ocrx_word' id='word_1_309' title='bbox 1643 2955 2024 3036; x_wconf 80' lang='lat' dir='ltr'><strong>quadraginta</strong></span> <span class='ocrx_word' id='word_1_310' title='bbox 2059 2972 2236 3036; x_wconf 89' lang='lat' dir='ltr'><strong>quam</strong></span> 
     </span>
     <span class='ocr_line' id='line_1_35' title="bbox 58 3040 2235 3123; baseline 0.001 -24"><span class='ocrx_word' id='word_1_311' title='bbox 58 3058 131 3099; x_wconf 85' lang='lat' dir='ltr'><strong>eo</strong></span> <span class='ocrx_word' id='word_1_312' title='bbox 176 3046 408 3099; x_wconf 88' lang='lat' dir='ltr'><strong>ventum</strong></span> <span class='ocrx_word' id='word_1_313' title='bbox 448 3046 589 3111; x_wconf 89' lang='lat' dir='ltr'><strong>erat,</strong></span> <span class='ocrx_word' id='word_1_314' title='bbox 632 3041 857 3119; x_wconf 86' lang='lat' dir='ltr'><strong>oppido</strong></span> <span class='ocrx_word' id='word_1_315' title='bbox 900 3040 1079 3101; x_wconf 88' lang='lat' dir='ltr'><strong>modo</strong></span> <span class='ocrx_word' id='word_1_316' title='bbox 1120 3041 1310 3121; x_wconf 85' lang='lat' dir='ltr'><strong>potiti,</strong></span> <span class='ocrx_word' id='word_1_317' title='bbox 1357 3043 1575 3121; x_wconf 86' lang='lat' dir='ltr'><strong>praeda</strong></span> <span class='ocrx_word' id='word_1_318' title='bbox 1623 3042 1816 3103; x_wconf 86' lang='lat' dir='ltr'><strong>omnis</strong></span> <span class='ocrx_word' id='word_1_319' title='bbox 1859 3041 1934 3102; x_wconf 85' lang='lat' dir='ltr'><strong>ab</strong></span> <span class='ocrx_word' id='word_1_320' title='bbox 1971 3042 2235 3123; x_wconf 75' lang='lat' dir='ltr'><strong>perfugis</strong></span> 
     </span>
     <span class='ocr_line' id='line_1_36' title="bbox 60 3123 2236 3207; baseline 0.002 -23"><span class='ocrx_word' id='word_1_321' title='bbox 60 3123 369 3204; x_wconf 70' lang='lat' dir='ltr'><strong>corruptag</strong></span> <span class='ocrx_word' id='word_1_322' title='bbox 400 3124 442 3185; x_wconf 87' lang='lat' dir='ltr'><strong>ii</strong></span> <span class='ocrx_word' id='word_1_323' title='bbox 466 3130 785 3203; x_wconf 82' lang='lat' dir='ltr'><strong>postquam</strong></span> <span class='ocrx_word' id='word_1_324' title='bbox 805 3144 1037 3187; x_wconf 88' lang='lat' dir='ltr'><strong>murum</strong></span> <span class='ocrx_word' id='word_1_325' title='bbox 1067 3128 1347 3189; x_wconf 81' lang='lat' dir='ltr'><strong>arietibus</strong></span> <span class='ocrx_word' id='word_1_326' title='bbox 1377 3128 1534 3189; x_wconf 82' lang='lat' dir='ltr'><strong>feriri</strong></span> <span class='ocrx_word' id='word_1_327' title='bbox 1565 3146 1780 3207; x_wconf 88' lang='lat' dir='ltr'><strong>resque</strong></span> <span class='ocrx_word' id='word_1_328' title='bbox 1806 3144 1944 3190; x_wconf 86' lang='lat' dir='ltr'><strong>suas</strong></span> <span class='ocrx_word' id='word_1_329' title='bbox 1969 3130 2236 3191; x_wconf 81' lang='lat' dir='ltr'><strong>adflictas</strong></span> 
     </span>
     <span class='ocr_line' id='line_1_37' title="bbox 57 3212 2234 3293; baseline 0.003 -27"><span class='ocrx_word' id='word_1_330' title='bbox 57 3212 275 3283; x_wconf 81' lang='lat' dir='ltr'><strong>vident,</strong></span> <span class='ocrx_word' id='word_1_331' title='bbox 300 3226 505 3271; x_wconf 84' lang='lat' dir='ltr'><strong>aurum</strong></span> <span class='ocrx_word' id='word_1_332' title='bbox 523 3216 697 3289; x_wconf 86' lang='lat' dir='ltr'><strong>atque</strong></span> <span class='ocrx_word' id='word_1_333' title='bbox 718 3221 1025 3288; x_wconf 80' lang='lat' dir='ltr'><strong>argentum</strong></span> <span class='ocrx_word' id='word_1_334' title='bbox 1050 3222 1109 3275; x_wconf 86' lang='lat' dir='ltr'><strong>et</strong></span> <span class='ocrx_word' id='word_1_335' title='bbox 1124 3214 1252 3283; x_wconf 82' lang='lat' dir='ltr'><strong>alia,</strong></span> <span class='ocrx_word' id='word_1_336' title='bbox 1278 3230 1426 3293; x_wconf 85' lang='lat' dir='ltr'><strong>quae</strong></span> <span class='ocrx_word' id='word_1_337' title='bbox 1444 3213 1633 3293; x_wconf 80' lang='lat' dir='ltr'><strong>prima</strong></span> <span class='ocrx_word' id='word_1_338' title='bbox 1657 3216 1968 3289; x_wconf 79' lang='lat' dir='ltr'><strong>ducuntur,</strong></span> <span class='ocrx_word' id='word_1_339' title='bbox 1991 3216 2234 3277; x_wconf 86' lang='lat' dir='ltr'><strong>domum</strong></span> 
     </span>
     <span class='ocr_line' id='line_1_38' title="bbox 58 3296 2236 3379; baseline 0.003 -24"><span class='ocrx_word' id='word_1_340' title='bbox 58 3298 281 3375; x_wconf 85' lang='lat' dir='ltr'><strong>regiam</strong></span> <span class='ocrx_word' id='word_1_341' title='bbox 308 3304 707 3376; x_wconf 82' lang='lat' dir='ltr'><strong>comportant3</strong></span> <span class='ocrx_word' id='word_1_342' title='bbox 738 3296 819 3356; x_wconf 78' lang='lat' dir='ltr'><strong>ihi</strong></span> <span class='ocrx_word' id='word_1_343' title='bbox 838 3298 975 3357; x_wconf 87' lang='lat' dir='ltr'><strong>vino</strong></span> <span class='ocrx_word' id='word_1_344' title='bbox 1002 3306 1062 3359; x_wconf 87' lang='lat' dir='ltr'><strong>et</strong></span> <span class='ocrx_word' id='word_1_345' title='bbox 1086 3300 1274 3379; x_wconf 88' lang='lat' dir='ltr'><strong>epulis</strong></span> <span class='ocrx_word' id='word_1_346' title='bbox 1299 3300 1540 3373; x_wconf 79' lang='lat' dir='ltr'><strong>onerati,</strong></span> <span class='ocrx_word' id='word_1_347' title='bbox 1577 3299 1796 3378; x_wconf 87' lang='lat' dir='ltr'><strong>illaque</strong></span> <span class='ocrx_word' id='word_1_348' title='bbox 1817 3298 1875 3360; x_wconf 80' lang='lat' dir='ltr'><strong>e&#39;t</strong></span> <span class='ocrx_word' id='word_1_349' title='bbox 1907 3300 2150 3363; x_wconf 87' lang='lat' dir='ltr'><strong>domum</strong></span> <span class='ocrx_word' id='word_1_350' title='bbox 2173 3306 2236 3361; x_wconf 85' lang='lat' dir='ltr'><strong>et</strong></span> 
     </span>
     <span class='ocr_line' id='line_1_39' title="bbox 0 3383 2232 3463; baseline 0.001 -22"><span class='ocrx_word' id='word_1_351' title='bbox 0 3429 14 3455; x_wconf 77' lang='grc'><strong>,</strong></span> <span class='ocrx_word' id='word_1_352' title='bbox 64 3391 255 3443; x_wconf 86' lang='lat' dir='ltr'><strong>semet</strong></span> <span class='ocrx_word' id='word_1_353' title='bbox 272 3383 391 3461; x_wconf 79' lang='lat' dir='ltr'><strong>igni</strong></span> <span class='ocrx_word' id='word_1_354' title='bbox 416 3389 820 3461; x_wconf 72' lang='lat' dir='ltr'><strong>corrumpunt,</strong></span> <span class='ocrx_word' id='word_1_355' title='bbox 847 3391 907 3443; x_wconf 88' lang='lat' dir='ltr'><strong>et</strong></span> <span class='ocrx_word' id='word_1_356' title='bbox 930 3400 1073 3462; x_wconf 86' lang='lat' dir='ltr'><strong>quas</strong></span> <span class='ocrx_word' id='word_1_357' title='bbox 1092 3386 1227 3447; x_wconf 77' lang='lat' dir='ltr'><strong>vieti</strong></span> <span class='ocrx_word' id='word_1_358' title='bbox 1249 3384 1324 3447; x_wconf 84' lang='lat' dir='ltr'><strong>ab</strong></span> <span class='ocrx_word' id='word_1_359' title='bbox 1343 3384 1612 3446; x_wconf 84' lang='lat' dir='ltr'><strong>hostibus</strong></span> <span class='ocrx_word' id='word_1_360' title='bbox 1637 3402 1860 3463; x_wconf 89' lang='lat' dir='ltr'><strong>poenas</strong></span> <span class='ocrx_word' id='word_1_361' title='bbox 1883 3391 2232 3457; x_wconf 81' lang='lat' dir='ltr'><strong>metuerant,</strong></span> 
     </span>
     <span class='ocr_line' id='line_1_40' title="bbox 13 3462 1123 3549; baseline 0.003 -22"><span class='ocrx_word' id='word_1_362' title='bbox 13 3462 24 3474; x_wconf 80' lang='grc'><strong>’</strong></span> <span class='ocrx_word' id='word_1_363' title='bbox 58 3486 161 3529; x_wconf 85' lang='lat' dir='ltr'><strong>eas</strong></span> <span class='ocrx_word' id='word_1_364' title='bbox 184 3469 298 3546; x_wconf 88' lang='lat' dir='ltr'><strong>ipsi</strong></span> <span class='ocrx_word' id='word_1_365' title='bbox 322 3469 586 3529; x_wconf 84' lang='lat' dir='ltr'><strong>volentes</strong></span> <span class='ocrx_word' id='word_1_366' title='bbox 607 3469 969 3549; x_wconf 81' lang='lat' dir='ltr'><strong>pependere.</strong></span> <span class='ocrx_word' id='word_1_367' title='bbox 1114 3484 1123 3491; x_wconf 84' lang='lat'><strong>·</strong></span> 
     </span>
    </p>

    <p class='ocr_par' dir='ltr' id='par_1_5' title="bbox 188 3553 2230 3636">
     <span class='ocr_line' id='line_1_41' title="bbox 188 3553 2230 3636; baseline 0 -20"><span class='ocrx_word' id='word_1_368' title='bbox 188 3556 351 3633; x_wconf 81' lang='lat' dir='ltr'><strong>Cap.</strong></span> <span class='ocrx_word' id='word_1_369' title='bbox 386 3553 664 3617; x_wconf 81' lang='lat' dir='ltr'><strong>Lxxvn.</strong></span> <span class='ocrx_word' id='word_1_370' title='bbox 710 3555 835 3616; x_wconf 82' lang='lat' dir='ltr'><strong>Sed</strong></span> <span class='ocrx_word' id='word_1_371' title='bbox 864 3554 1085 3635; x_wconf 81' lang='lat' dir='ltr'><strong>pariter</strong></span> <span class='ocrx_word' id='word_1_372' title='bbox 1122 3572 1256 3615; x_wconf 82' lang='lat' dir='ltr'><strong>eum</strong></span> <span class='ocrx_word' id='word_1_373' title='bbox 1296 3564 1464 3636; x_wconf 81' lang='lat' dir='ltr'><strong>capta</strong></span> <span class='ocrx_word' id='word_1_374' title='bbox 1487 3556 1668 3617; x_wconf 84' lang='lat' dir='ltr'><strong>Thala</strong></span> <span class='ocrx_word' id='word_1_375' title='bbox 1698 3557 1885 3634; x_wconf 67' lang='lat' dir='ltr'><strong>legati</strong></span> <span class='ocrx_word' id='word_1_376' title='bbox 1911 3573 1985 3618; x_wconf 84' lang='lat' dir='ltr'><strong>ex</strong></span> <span class='ocrx_word' id='word_1_377' title='bbox 2010 3555 2230 3635; x_wconf 85' lang='lat' dir='ltr'><strong>oppido</strong></span> 
     </span>
    </p>
   </div>
  </div>
 </body>
</html>
