<?xml version="1.0" encoding="UTF-8"?>
<!DOCTYPE html PUBLIC "-//W3C//DTD XHTML 1.0 Transitional//EN"
    "http://www.w3.org/TR/xhtml1/DTD/xhtml1-transitional.dtd">
<html xmlns="http://www.w3.org/1999/xhtml" xml:lang="en" lang="en">
 <head>
  <title>
</title>
<meta http-equiv="Content-Type" content="text/html;charset=utf-8" />
  <meta name='ocr-system' content='tesseract 3.04.00' />
  <meta name='ocr-capabilities' content='ocr_page ocr_carea ocr_par ocr_line ocrx_word'/>
</head>
<body>
  <div class='ocr_page' id='page_1' title='image "./csallustiicrisp00kochgoog_0094.png"; bbox 0 0 2400 3900; ppageno 0'>
   <div class='ocr_carea' id='block_1_1' title="bbox 160 91 1708 182">
    <p class='ocr_par' dir='ltr' id='par_1_1' title="bbox 160 91 1708 182">
     <span class='ocr_line' id='line_1_1' title="bbox 160 91 1708 182; baseline -0.003 0"><span class='ocrx_word' id='word_1_1' title='bbox 160 119 244 182; x_wconf 78' lang='lat' dir='ltr'>se</span> <span class='ocrx_word' id='word_1_2' title='bbox 850 117 915 180; x_wconf 88' lang='lat' dir='ltr'>c.</span> <span class='ocrx_word' id='word_1_3' title='bbox 958 115 1352 180; x_wconf 62' lang='lat' dir='ltr'>slans‘ru</span> <span class='ocrx_word' id='word_1_4' title='bbox 1393 91 1649 178; x_wconf 71' lang='lat' dir='ltr'>cmsrr&#39;</span> <span class='ocrx_word' id='word_1_5' title='bbox 1701 103 1708 108; x_wconf 85' lang='grc'><em>“</em></span> 
     </span>
    </p>
   </div>
   <div class='ocr_carea' id='block_1_2' title="bbox 162 197 2381 322">
    <p class='ocr_par' dir='ltr' id='par_1_2' title="bbox 162 197 2381 322">
     <span class='ocr_line' id='line_1_2' title="bbox 162 197 2381 322; baseline -0.002 -20"><span class='ocrx_word' id='word_1_6' title='bbox 162 237 287 302; x_wconf 85' lang='lat' dir='ltr'>suis</span> <span class='ocrx_word' id='word_1_7' title='bbox 304 237 519 302; x_wconf 79' lang='lat' dir='ltr'>finibus</span> <span class='ocrx_word' id='word_1_8' title='bbox 536 201 749 300; x_wconf 83' lang='lat' dir='ltr'>bellum</span> <span class='ocrx_word' id='word_1_9' title='bbox 775 236 1164 316; x_wconf 82' lang='lat' dir='ltr'>compositum</span> <span class='ocrx_word' id='word_1_10' title='bbox 1182 237 1358 322; x_wconf 60' lang='lat' dir='ltr'>foret²</span> <span class='ocrx_word' id='word_1_11' title='bbox 1399 236 1484 298; x_wconf 87' lang='lat' dir='ltr'>Eo</span> <span class='ocrx_word' id='word_1_12' title='bbox 1503 235 1766 316; x_wconf 79' lang='lat' dir='ltr'>praemio</span> <span class='ocrx_word' id='word_1_13' title='bbox 1781 197 2027 298; x_wconf 77' lang='lat' dir='ltr'>inlectus</span> <span class='ocrx_word' id='word_1_14' title='bbox 2046 237 2357 300; x_wconf 81' lang='lat' dir='ltr'>Bocchus</span> <span class='ocrx_word' id='word_1_15' title='bbox 2380 223 2381 236; x_wconf 45' lang='lat'>¹</span> 
     </span>
    </p>
   </div>
   <div class='ocr_carea' id='block_1_3' title="bbox 162 321 2356 401">
    <p class='ocr_par' dir='ltr' id='par_1_3' title="bbox 162 321 2356 401">
     <span class='ocr_line' id='line_1_3' title="bbox 162 321 2356 401; baseline -0.002 -13"><span class='ocrx_word' id='word_1_16' title='bbox 162 342 300 388; x_wconf 89' lang='lat' dir='ltr'>cum</span> <span class='ocrx_word' id='word_1_17' title='bbox 325 339 533 400; x_wconf 82' lang='lat' dir='ltr'>magna</span> <span class='ocrx_word' id='word_1_18' title='bbox 565 321 937 384; x_wconf 86' lang='lat' dir='ltr'>multitudine</span> <span class='ocrx_word' id='word_1_19' title='bbox 962 321 1303 401; x_wconf 83' lang='lat' dir='ltr'>lugurtbam</span> <span class='ocrx_word' id='word_1_20' title='bbox 1322 321 1577 383; x_wconf 83' lang='lat' dir='ltr'>accedit.-</span> <span class='ocrx_word' id='word_1_21' title='bbox 1609 321 1694 382; x_wconf 86' lang='lat' dir='ltr'>lta</span> <span class='ocrx_word' id='word_1_22' title='bbox 1721 321 2028 383; x_wconf 86' lang='lat' dir='ltr'>amborum</span> <span class='ocrx_word' id='word_1_23' title='bbox 2061 323 2356 385; x_wconf 84' lang='lat' dir='ltr'>exercitu</span> 
     </span>
    </p>
   </div>
   <div class='ocr_carea' id='block_1_4' title="bbox 164 405 2381 490">
    <p class='ocr_par' dir='ltr' id='par_1_4' title="bbox 164 405 2381 490">
     <span class='ocr_line' id='line_1_4' title="bbox 164 405 2381 490; baseline -0.001 -18"><span class='ocrx_word' id='word_1_24' title='bbox 164 409 477 472; x_wconf 82' lang='lat' dir='ltr'>coniuncto</span> <span class='ocrx_word' id='word_1_25' title='bbox 500 407 747 470; x_wconf 79' lang='lat' dir='ltr'>Marium</span> <span class='ocrx_word' id='word_1_26' title='bbox 760 408 877 470; x_wconf 82' lang='lat' dir='ltr'>iam</span> <span class='ocrx_word' id='word_1_27' title='bbox 902 408 965 468; x_wconf 83' lang='lat' dir='ltr'>in</span> <span class='ocrx_word' id='word_1_28' title='bbox 988 407 1236 470; x_wconf 86' lang='lat' dir='ltr'>hiberna</span> <span class='ocrx_word' id='word_1_29' title='bbox 1265 405 1752 490; x_wconf 83' lang='lat' dir='ltr'>proficiscentem,</span> <span class='ocrx_word' id='word_1_30' title='bbox 1789 408 1883 469; x_wconf 82' lang='lat' dir='ltr'>vix</span> <span class='ocrx_word' id='word_1_31' title='bbox 1904 407 2134 469; x_wconf 85' lang='lat' dir='ltr'>decima</span> <span class='ocrx_word' id='word_1_32' title='bbox 2163 419 2356 489; x_wconf 86' lang='lat' dir='ltr'>parte</span> <span class='ocrx_word' id='word_1_33' title='bbox 2380 477 2381 486; x_wconf 8' lang='grc' dir='ltr'>χ</span> 
     </span>
    </p>
   </div>
   <div class='ocr_carea' id='block_1_5' title="bbox 91 493 2354 1346">
    <p class='ocr_par' dir='ltr' id='par_1_5' title="bbox 91 493 2354 1346">
     <span class='ocr_line' id='line_1_5' title="bbox 164 493 2354 574; baseline -0 -18"><span class='ocrx_word' id='word_1_34' title='bbox 164 494 260 556; x_wconf 87' lang='lat' dir='ltr'>die</span> <span class='ocrx_word' id='word_1_35' title='bbox 298 493 539 572; x_wconf 84' lang='lat' dir='ltr'>reliqua,</span> <span class='ocrx_word' id='word_1_36' title='bbox 570 493 869 568; x_wconf 86' lang='lat' dir='ltr'>invadunt,</span> <span class='ocrx_word' id='word_1_37' title='bbox 901 493 1012 554; x_wconf 86' lang='lat' dir='ltr'>rati</span> <span class='ocrx_word' id='word_1_38' title='bbox 1046 504 1300 569; x_wconf 89' lang='lat' dir='ltr'>noctem,</span> <span class='ocrx_word' id='word_1_39' title='bbox 1338 511 1486 574; x_wconf 88' lang='lat' dir='ltr'>quae</span> <span class='ocrx_word' id='word_1_40' title='bbox 1517 493 1632 554; x_wconf 84' lang='lat' dir='ltr'>iam</span> <span class='ocrx_word' id='word_1_41' title='bbox 1664 493 1884 568; x_wconf 88' lang='lat' dir='ltr'>aderat,</span> <span class='ocrx_word' id='word_1_42' title='bbox 1913 503 1974 556; x_wconf 86' lang='lat' dir='ltr'>et</span> <span class='ocrx_word' id='word_1_43' title='bbox 2004 494 2188 556; x_wconf 81' lang='lat' dir='ltr'>victis</span> <span class='ocrx_word' id='word_1_44' title='bbox 2231 496 2354 556; x_wconf 89' lang='lat' dir='ltr'>sibi</span> 
     </span>
     <span class='ocr_line' id='line_1_6' title="bbox 91 579 2352 660; baseline -0.001 -16"><span class='ocrx_word' id='word_1_45' title='bbox 91 618 115 630; x_wconf 80' lang='lat'><em>-</em></span> <span class='ocrx_word' id='word_1_46' title='bbox 162 579 525 644; x_wconf 86' lang='lat' dir='ltr'>munimento</span> <span class='ocrx_word' id='word_1_47' title='bbox 552 580 697 654; x_wconf 81' lang='lat' dir='ltr'>fore,</span> <span class='ocrx_word' id='word_1_48' title='bbox 734 585 808 653; x_wconf 91' lang='lat' dir='ltr'>et,</span> <span class='ocrx_word' id='word_1_49' title='bbox 830 579 883 642; x_wconf 85' lang='lat' dir='ltr'>si</span> <span class='ocrx_word' id='word_1_50' title='bbox 918 579 1207 659; x_wconf 80' lang='lat' dir='ltr'>vicissent,</span> <span class='ocrx_word' id='word_1_51' title='bbox 1240 581 1402 642; x_wconf 88' lang='lat' dir='ltr'>nullo</span> <span class='ocrx_word' id='word_1_52' title='bbox 1426 579 1866 660; x_wconf 85' lang='lat' dir='ltr'>impedimento,</span> <span class='ocrx_word' id='word_1_53' title='bbox 1899 579 2033 658; x_wconf 84' lang='lat' dir='ltr'>quia</span> <span class='ocrx_word' id='word_1_54' title='bbox 2053 580 2352 642; x_wconf 84' lang='lat' dir='ltr'>locorum</span> 
     </span>
     <span class='ocr_line' id='line_1_7' title="bbox 162 665 2350 746; baseline 0 -18"><span class='ocrx_word' id='word_1_55' title='bbox 162 665 413 728; x_wconf 85' lang='lat' dir='ltr'>scientes</span> <span class='ocrx_word' id='word_1_56' title='bbox 430 673 644 740; x_wconf 77' lang='lat' dir='ltr'>erant3</span> <span class='ocrx_word' id='word_1_57' title='bbox 678 674 881 729; x_wconf 84' lang='lat' dir='ltr'>contra</span> <span class='ocrx_word' id='word_1_58' title='bbox 910 665 1189 728; x_wconf 79' lang='lat' dir='ltr'>Romanis</span> <span class='ocrx_word' id='word_1_59' title='bbox 1216 676 1768 746; x_wconf 86' lang='lat' dir='ltr'>utrumque-casum</span> <span class='ocrx_word' id='word_1_60' title='bbox 1795 665 1856 726; x_wconf 90' lang='lat' dir='ltr'>in</span> <span class='ocrx_word' id='word_1_61' title='bbox 1879 665 2146 726; x_wconf 87' lang='lat' dir='ltr'>tenebris</span> <span class='ocrx_word' id='word_1_62' title='bbox 2179 667 2350 728; x_wconf 80' lang='lat' dir='ltr'>diffi-</span> 
     </span>
     <span class='ocr_line' id='line_1_8' title="bbox 164 750 2348 830; baseline 0.001 -19"><span class='ocrx_word' id='word_1_63' title='bbox 164 750 444 812; x_wconf 89' lang='lat' dir='ltr'>ciliorem.</span> <span class='ocrx_word' id='word_1_64' title='bbox 488 751 669 830; x_wconf 84' lang='lat' dir='ltr'>Igitur</span> <span class='ocrx_word' id='word_1_65' title='bbox 688 751 865 814; x_wconf 86' lang='lat' dir='ltr'>simul</span> <span class='ocrx_word' id='word_1_66' title='bbox 887 751 1104 812; x_wconf 85' lang='lat' dir='ltr'>Consul</span> <span class='ocrx_word' id='word_1_67' title='bbox 1130 769 1203 812; x_wconf 88' lang='lat' dir='ltr'>ex</span> <span class='ocrx_word' id='word_1_68' title='bbox 1223 751 1421 814; x_wconf 87' lang='lat' dir='ltr'>multis</span> <span class='ocrx_word' id='word_1_69' title='bbox 1448 752 1522 812; x_wconf 87' lang='lat' dir='ltr'>de</span> <span class='ocrx_word' id='word_1_70' title='bbox 1543 750 1802 828; x_wconf 74' lang='lat' dir='ltr'>bostium</span> <span class='ocrx_word' id='word_1_71' title='bbox 1823 752 2080 812; x_wconf 84' lang='lat' dir='ltr'>adventu</span> <span class='ocrx_word' id='word_1_72' title='bbox 2101 771 2348 830; x_wconf 84' lang='lat' dir='ltr'>cogno-</span> 
     </span>
     <span class='ocr_line' id='line_1_9' title="bbox 160 836 2346 918; baseline 0 -20"><span class='ocrx_word' id='word_1_73' title='bbox 160 837 259 910; x_wconf 82' lang='lat' dir='ltr'>vit,</span> <span class='ocrx_word' id='word_1_74' title='bbox 295 843 354 899; x_wconf 84' lang='lat' dir='ltr'>et</span> <span class='ocrx_word' id='word_1_75' title='bbox 385 837 501 917; x_wconf 86' lang='lat' dir='ltr'>ipsi</span> <span class='ocrx_word' id='word_1_76' title='bbox 530 837 735 900; x_wconf 75' lang='lat' dir='ltr'>hostes</span> <span class='ocrx_word' id='word_1_77' title='bbox 765 836 1039 910; x_wconf 81' lang='lat' dir='ltr'>aderant;</span> <span class='ocrx_word' id='word_1_78' title='bbox 1076 846 1135 897; x_wconf 88' lang='lat' dir='ltr'>et</span> <span class='ocrx_word' id='word_1_79' title='bbox 1156 836 1496 918; x_wconf 77' lang='lat' dir='ltr'>priusquam</span> <span class='ocrx_word' id='word_1_80' title='bbox 1527 837 1814 898; x_wconf 80' lang='lat' dir='ltr'>exercitus</span> <span class='ocrx_word' id='word_1_81' title='bbox 1849 844 1949 898; x_wconf 87' lang='lat' dir='ltr'>aut</span> <span class='ocrx_word' id='word_1_82' title='bbox 1970 838 2212 910; x_wconf 84' lang='lat' dir='ltr'>instrui,</span> <span class='ocrx_word' id='word_1_83' title='bbox 2243 849 2346 900; x_wconf 86' lang='lat' dir='ltr'>aut</span> 
     </span>
     <span class='ocr_line' id='line_1_10' title="bbox 167 921 2345 1011; baseline 0 -27"><span class='ocrx_word' id='word_1_84' title='bbox 167 922 428 986; x_wconf 78' lang='lat' dir='ltr'>sarcinas</span> <span class='ocrx_word' id='word_1_85' title='bbox 460 923 753 1011; x_wconf 72' lang='lat' dir='ltr'>colligere,</span> <span class='ocrx_word' id='word_1_86' title='bbox 788 921 1046 1002; x_wconf 83' lang='lat' dir='ltr'>denique</span> <span class='ocrx_word' id='word_1_87' title='bbox 1064 931 1388 1001; x_wconf 76' lang='lat' dir='ltr'><strong>-antequam</strong></span> <span class='ocrx_word' id='word_1_88' title='bbox 1425 922 1656 1000; x_wconf 79' lang='lat' dir='ltr'>signum</span> <span class='ocrx_word' id='word_1_89' title='bbox 1678 929 1780 982; x_wconf 83' lang='lat' dir='ltr'>aut</span> <span class='ocrx_word' id='word_1_90' title='bbox 1801 922 2117 1001; x_wconf 84' lang='lat' dir='ltr'>imperium</span> <span class='ocrx_word' id='word_1_91' title='bbox 2149 923 2345 985; x_wconf 90' lang='lat' dir='ltr'>ullum</span> 
     </span>
     <span class='ocr_line' id='line_1_11' title="bbox 164 1007 2341 1088; baseline 0.001 -19"><span class='ocrx_word' id='word_1_92' title='bbox 164 1008 434 1088; x_wconf 87' lang='lat' dir='ltr'>accipere</span> <span class='ocrx_word' id='word_1_93' title='bbox 464 1008 669 1088; x_wconf 79' lang='lat' dir='ltr'>quivit,</span> <span class='ocrx_word' id='word_1_94' title='bbox 709 1007 933 1087; x_wconf 80' lang='lat' dir='ltr'><strong>equites</strong></span> <span class='ocrx_word' id='word_1_95' title='bbox 964 1007 1149 1068; x_wconf 84' lang='lat' dir='ltr'>Mauri</span> <span class='ocrx_word' id='word_1_96' title='bbox 1183 1014 1360 1087; x_wconf 87' lang='lat' dir='ltr'>atque</span> <span class='ocrx_word' id='word_1_97' title='bbox 1389 1007 1632 1081; x_wconf 81' lang='lat' dir='ltr'>Gaetuli,</span> <span class='ocrx_word' id='word_1_98' title='bbox 1665 1026 1789 1068; x_wconf 92' lang='lat' dir='ltr'>non</span> <span class='ocrx_word' id='word_1_99' title='bbox 1823 1008 1945 1068; x_wconf 84' lang='lat' dir='ltr'>acie</span> <span class='ocrx_word' id='word_1_100' title='bbox 1981 1027 2186 1088; x_wconf 86' lang='lat' dir='ltr'>neque</span> <span class='ocrx_word' id='word_1_101' title='bbox 2221 1011 2341 1071; x_wconf 92' lang='lat' dir='ltr'>ullo</span> 
     </span>
     <span class='ocr_line' id='line_1_12' title="bbox 163 1093 2344 1175; baseline 0.001 -21"><span class='ocrx_word' id='word_1_102' title='bbox 163 1113 333 1166; x_wconf 85' lang='lat' dir='ltr'>more</span> <span class='ocrx_word' id='word_1_103' title='bbox 371 1093 590 1174; x_wconf 83' lang='lat' dir='ltr'>praelii,</span> <span class='ocrx_word' id='word_1_104' title='bbox 631 1093 737 1155; x_wconf 86' lang='lat' dir='ltr'>sed</span> <span class='ocrx_word' id='word_1_105' title='bbox 780 1093 1131 1167; x_wconf 80' lang='lat' dir='ltr'>catervatim,</span> <span class='ocrx_word' id='word_1_106' title='bbox 1167 1094 1252 1156; x_wconf 87' lang='lat' dir='ltr'>uti</span> <span class='ocrx_word' id='word_1_107' title='bbox 1279 1113 1548 1175; x_wconf 89' lang='lat' dir='ltr'>quosque</span> <span class='ocrx_word' id='word_1_108' title='bbox 1585 1097 1715 1154; x_wconf 86' lang='lat' dir='ltr'>fors</span> <span class='ocrx_word' id='word_1_109' title='bbox 1750 1093 2242 1172; x_wconf 82' lang='lat' dir='ltr'>conglobaverat,</span> <span class='ocrx_word' id='word_1_110' title='bbox 2283 1096 2344 1156; x_wconf 91' lang='lat' dir='ltr'>in</span> 
     </span>
     <span class='ocr_line' id='line_1_13' title="bbox 160 1179 2344 1260; baseline 0 -19"><span class='ocrx_word' id='word_1_111' title='bbox 160 1187 831 1254; x_wconf 73' lang='lat' dir='ltr'>nostros‘concurrunt3</span> <span class='ocrx_word' id='word_1_112' title='bbox 871 1179 971 1259; x_wconf 91' lang='lat' dir='ltr'>qui</span> <span class='ocrx_word' id='word_1_113' title='bbox 996 1198 1205 1242; x_wconf 87' lang='lat' dir='ltr'>omnes</span> <span class='ocrx_word' id='word_1_114' title='bbox 1229 1179 1444 1258; x_wconf 84' lang='lat' dir='ltr'>trepidi</span> <span class='ocrx_word' id='word_1_115' title='bbox 1471 1179 1786 1260; x_wconf 85' lang='lat' dir='ltr'>improviso</span> <span class='ocrx_word' id='word_1_116' title='bbox 1814 1187 1990 1253; x_wconf 89' lang='lat' dir='ltr'>metu,</span> <span class='ocrx_word' id='word_1_117' title='bbox 2025 1197 2098 1241; x_wconf 86' lang='lat' dir='ltr'>ac</span> <span class='ocrx_word' id='word_1_118' title='bbox 2131 1188 2344 1242; x_wconf 87' lang='lat' dir='ltr'>tamen</span> 
     </span>
     <span class='ocr_line' id='line_1_14' title="bbox 156 1264 2342 1346; baseline 0 -19"><span class='ocrx_word' id='word_1_119' title='bbox 156 1264 389 1328; x_wconf 73' lang='lat' dir='ltr'>virtutis</span> <span class='ocrx_word' id='word_1_120' title='bbox 416 1279 727 1337; x_wconf 79' lang='lat' dir='ltr'>memoreS,</span> <span class='ocrx_word' id='word_1_121' title='bbox 754 1273 854 1326; x_wconf 87' lang='lat' dir='ltr'>aut</span> <span class='ocrx_word' id='word_1_122' title='bbox 880 1283 1042 1326; x_wconf 86' lang='lat' dir='ltr'>arma</span> <span class='ocrx_word' id='word_1_123' title='bbox 1066 1265 1394 1344; x_wconf 79' lang='lat' dir='ltr'>capiebant,</span> <span class='ocrx_word' id='word_1_124' title='bbox 1419 1273 1520 1328; x_wconf 88' lang='lat' dir='ltr'>aut</span> <span class='ocrx_word' id='word_1_125' title='bbox 1545 1265 1838 1346; x_wconf 80' lang='lat' dir='ltr'><strong>capientes</strong></span> <span class='ocrx_word' id='word_1_126' title='bbox 1865 1266 2008 1326; x_wconf 82' lang='lat' dir='ltr'>alios</span> <span class='ocrx_word' id='word_1_127' title='bbox 2037 1267 2111 1327; x_wconf 85' lang='lat' dir='ltr'>ab</span> <span class='ocrx_word' id='word_1_128' title='bbox 2140 1267 2342 1327; x_wconf 88' lang='lat' dir='ltr'>hosti-</span> 
     </span>
    </p>
   </div>
   <div class='ocr_carea' id='block_1_6' title="bbox 60 1350 2338 1432">
    <p class='ocr_par' dir='ltr' id='par_1_6' title="bbox 60 1350 2338 1432">
     <span class='ocr_line' id='line_1_15' title="bbox 60 1350 2338 1432; baseline 0 -18"><span class='ocrx_word' id='word_1_129' title='bbox 60 1413 67 1432; x_wconf 36' lang='lat'><em>·</em></span> <span class='ocrx_word' id='word_1_130' title='bbox 162 1350 275 1414; x_wconf 87' lang='lat' dir='ltr'>bus</span> <span class='ocrx_word' id='word_1_131' title='bbox 326 1350 741 1426; x_wconf 81' lang='lat' dir='ltr'>defensabant3</span> <span class='ocrx_word' id='word_1_132' title='bbox 794 1369 933 1430; x_wconf 87' lang='lat' dir='ltr'>pars</span> <span class='ocrx_word' id='word_1_133' title='bbox 984 1369 1169 1429; x_wconf 88' lang='lat' dir='ltr'>equos</span> <span class='ocrx_word' id='word_1_134' title='bbox 1223 1353 1574 1426; x_wconf 87' lang='lat' dir='ltr'>ascendere,</span> <span class='ocrx_word' id='word_1_135' title='bbox 1629 1352 1860 1412; x_wconf 85' lang='lat' dir='ltr'>obviam</span> <span class='ocrx_word' id='word_1_136' title='bbox 1905 1353 1990 1412; x_wconf 90' lang='lat' dir='ltr'>ire</span> <span class='ocrx_word' id='word_1_137' title='bbox 2035 1351 2338 1426; x_wconf 77' lang='lat' dir='ltr'>hostibuS,</span> 
     </span>
    </p>
   </div>
   <div class='ocr_carea' id='block_1_7' title="bbox 162 1435 2381 1518">
    <p class='ocr_par' dir='ltr' id='par_1_7' title="bbox 162 1435 2381 1518">
     <span class='ocr_line' id='line_1_16' title="bbox 162 1435 2381 1518; baseline 0 -20"><span class='ocrx_word' id='word_1_138' title='bbox 162 1454 357 1518; x_wconf 81' lang='lat' dir='ltr'>pugna</span> <span class='ocrx_word' id='word_1_139' title='bbox 380 1435 683 1497; x_wconf 89' lang='lat' dir='ltr'>latrocinio</span> <span class='ocrx_word' id='word_1_140' title='bbox 715 1436 899 1514; x_wconf 82' lang='lat' dir='ltr'>magis</span> <span class='ocrx_word' id='word_1_141' title='bbox 922 1454 1095 1515; x_wconf 88' lang='lat' dir='ltr'>quam</span> <span class='ocrx_word' id='word_1_142' title='bbox 1122 1437 1344 1516; x_wconf 80' lang='lat' dir='ltr'>praelio</span> <span class='ocrx_word' id='word_1_143' title='bbox 1368 1437 1574 1498; x_wconf 89' lang='lat' dir='ltr'>similis</span> <span class='ocrx_word' id='word_1_144' title='bbox 1595 1437 1752 1512; x_wconf 78' lang='lat' dir='ltr'>fieri3</span> <span class='ocrx_word' id='word_1_145' title='bbox 1799 1437 1928 1499; x_wconf 87' lang='lat' dir='ltr'>sine</span> <span class='ocrx_word' id='word_1_146' title='bbox 1961 1436 2166 1516; x_wconf 77' lang='lat' dir='ltr'>signiS,</span> <span class='ocrx_word' id='word_1_147' title='bbox 2209 1439 2344 1498; x_wconf 89' lang='lat' dir='ltr'>sine</span> <span class='ocrx_word' id='word_1_148' title='bbox 2380 1503 2381 1514; x_wconf 11' lang='grc' dir='ltr'>χ</span> 
     </span>
    </p>
   </div>
   <div class='ocr_carea' id='block_1_8' title="bbox 164 1521 2340 1688">
    <p class='ocr_par' dir='ltr' id='par_1_8' title="bbox 164 1521 2340 1688">
     <span class='ocr_line' id='line_1_17' title="bbox 164 1521 2340 1600; baseline 0.001 -17"><span class='ocrx_word' id='word_1_149' title='bbox 164 1521 469 1583; x_wconf 84' lang='lat' dir='ltr'>ordinibus</span> <span class='ocrx_word' id='word_1_150' title='bbox 498 1521 724 1600; x_wconf 76' lang='lat' dir='ltr'>equites</span> <span class='ocrx_word' id='word_1_151' title='bbox 750 1521 1096 1600; x_wconf 81' lang='lat' dir='ltr'>peditesque</span> <span class='ocrx_word' id='word_1_152' title='bbox 1116 1522 1419 1600; x_wconf 80' lang='lat' dir='ltr'>permixti3</span> <span class='ocrx_word' id='word_1_153' title='bbox 1451 1523 1699 1585; x_wconf 84' lang='lat' dir='ltr'>caedere</span> <span class='ocrx_word' id='word_1_154' title='bbox 1720 1522 1886 1597; x_wconf 84' lang='lat' dir='ltr'>alios,</span> <span class='ocrx_word' id='word_1_155' title='bbox 1911 1521 2058 1584; x_wconf 85' lang='lat' dir='ltr'>alios</span> <span class='ocrx_word' id='word_1_156' title='bbox 2085 1523 2340 1585; x_wconf 89' lang='lat' dir='ltr'>obtrun-</span> 
     </span>
     <span class='ocr_line' id='line_1_18' title="bbox 166 1607 2338 1688; baseline 0.001 -20"><span class='ocrx_word' id='word_1_157' title='bbox 166 1624 329 1680; x_wconf 78' lang='lat' dir='ltr'>care3</span> <span class='ocrx_word' id='word_1_158' title='bbox 368 1607 604 1682; x_wconf 86' lang='lat' dir='ltr'>multos,</span> <span class='ocrx_word' id='word_1_159' title='bbox 630 1618 837 1670; x_wconf 89' lang='lat' dir='ltr'>contra</span> <span class='ocrx_word' id='word_1_160' title='bbox 866 1608 1152 1670; x_wconf 85' lang='lat' dir='ltr'>advorsos</span> <span class='ocrx_word' id='word_1_161' title='bbox 1187 1626 1489 1671; x_wconf 76' lang='lat' dir='ltr'>acerrume</span> <span class='ocrx_word' id='word_1_162' title='bbox 1517 1614 1864 1688; x_wconf 80' lang='lat' dir='ltr'>pugnantes,</span> <span class='ocrx_word' id='word_1_163' title='bbox 1899 1609 1973 1669; x_wconf 88' lang='lat' dir='ltr'>ab</span> <span class='ocrx_word' id='word_1_164' title='bbox 2007 1618 2179 1687; x_wconf 83' lang='lat' dir='ltr'>tergo</span> <span class='ocrx_word' id='word_1_165' title='bbox 2221 1611 2338 1671; x_wconf 87' lang='lat' dir='ltr'>cir-</span> 
     </span>
    </p>
   </div>
   <div class='ocr_carea' id='block_1_9' title="bbox 162 1689 2381 1860">
    <p class='ocr_par' dir='ltr' id='par_1_9' title="bbox 162 1689 2381 1860">
     <span class='ocr_line' id='line_1_19' title="bbox 166 1689 2381 1778; baseline 0.002 -26"><span class='ocrx_word' id='word_1_166' title='bbox 166 1691 531 1769; x_wconf 80' lang='lat' dir='ltr'>cumvenire3</span> <span class='ocrx_word' id='word_1_167' title='bbox 566 1711 760 1772; x_wconf 88' lang='lat' dir='ltr'>neque</span> <span class='ocrx_word' id='word_1_168' title='bbox 796 1689 1007 1766; x_wconf 79' lang='lat' dir='ltr'>virtuS,</span> <span class='ocrx_word' id='word_1_169' title='bbox 1054 1711 1248 1772; x_wconf 89' lang='lat' dir='ltr'>neque</span> <span class='ocrx_word' id='word_1_170' title='bbox 1281 1694 1626 1772; x_wconf 6' lang='lat' dir='ltr'>armatsatis</span> <span class='ocrx_word' id='word_1_171' title='bbox 1663 1700 1888 1772; x_wconf 85' lang='lat' dir='ltr'>tegere,</span> <span class='ocrx_word' id='word_1_172' title='bbox 1927 1695 2086 1772; x_wconf 89' lang='lat' dir='ltr'>quod</span> <span class='ocrx_word' id='word_1_173' title='bbox 2124 1696 2338 1756; x_wconf 85' lang='lat' dir='ltr'>hostes</span> <span class='ocrx_word' id='word_1_174' title='bbox 2380 1745 2381 1778; x_wconf 62' lang='lat'><em>÷</em></span> 
     </span>
     <span class='ocr_line' id='line_1_20' title="bbox 162 1778 2381 1860; baseline 0.001 -20"><span class='ocrx_word' id='word_1_175' title='bbox 162 1795 409 1840; x_wconf 86' lang='lat' dir='ltr'>numero</span> <span class='ocrx_word' id='word_1_176' title='bbox 434 1778 634 1858; x_wconf 86' lang='lat' dir='ltr'>plures</span> <span class='ocrx_word' id='word_1_177' title='bbox 661 1789 719 1842; x_wconf 90' lang='lat' dir='ltr'>et</span> <span class='ocrx_word' id='word_1_178' title='bbox 747 1779 1005 1858; x_wconf 86' lang='lat' dir='ltr'>undique</span> <span class='ocrx_word' id='word_1_179' title='bbox 1028 1779 1360 1840; x_wconf 81' lang='lat' dir='ltr'>circumfusi</span> <span class='ocrx_word' id='word_1_180' title='bbox 1389 1791 1582 1852; x_wconf 82' lang='lat' dir='ltr'>erant3</span> <span class='ocrx_word' id='word_1_181' title='bbox 1612 1781 1864 1860; x_wconf 87' lang='lat' dir='ltr'>denique</span> <span class='ocrx_word' id='word_1_182' title='bbox 1890 1779 2140 1841; x_wconf 85' lang='lat' dir='ltr'>Romani</span> <span class='ocrx_word' id='word_1_183' title='bbox 2169 1791 2340 1842; x_wconf 84' lang='lat' dir='ltr'>vete·</span> <span class='ocrx_word' id='word_1_184' title='bbox 2380 1781 2381 1796; x_wconf 76' lang='lat'><em>²</em></span> 
     </span>
    </p>
   </div>
   <div class='ocr_carea' id='block_1_10' title="bbox 60 1863 2338 1946">
    <p class='ocr_par' dir='ltr' id='par_1_10' title="bbox 60 1863 2338 1946">
     <span class='ocr_line' id='line_1_21' title="bbox 60 1863 2338 1946; baseline 0.002 -22"><span class='ocrx_word' id='word_1_185' title='bbox 60 1888 72 1898; x_wconf 24' lang='grc' dir='ltr'>κ</span> <span class='ocrx_word' id='word_1_186' title='bbox 162 1881 261 1926; x_wconf 88' lang='lat' dir='ltr'>res</span> <span class='ocrx_word' id='word_1_187' title='bbox 288 1863 563 1942; x_wconf 88' lang='lat' dir='ltr'>novique,</span> <span class='ocrx_word' id='word_1_188' title='bbox 584 1872 642 1925; x_wconf 90' lang='lat' dir='ltr'>et</span> <span class='ocrx_word' id='word_1_189' title='bbox 668 1865 745 1925; x_wconf 89' lang='lat' dir='ltr'>ob</span> <span class='ocrx_word' id='word_1_190' title='bbox 766 1883 833 1924; x_wconf 86' lang='lat' dir='ltr'>ea</span> <span class='ocrx_word' id='word_1_191' title='bbox 854 1865 1107 1925; x_wconf 86' lang='lat' dir='ltr'>scientes</span> <span class='ocrx_word' id='word_1_192' title='bbox 1133 1863 1290 1939; x_wconf 85' lang='lat' dir='ltr'>belli,</span> <span class='ocrx_word' id='word_1_193' title='bbox 1317 1867 1538 1946; x_wconf 89' lang='lat' dir='ltr'>siquos</span> <span class='ocrx_word' id='word_1_194' title='bbox 1564 1867 1733 1927; x_wconf 84' lang='lat' dir='ltr'>locus</span> <span class='ocrx_word' id='word_1_195' title='bbox 1759 1874 1860 1926; x_wconf 87' lang='lat' dir='ltr'>aut</span> <span class='ocrx_word' id='word_1_196' title='bbox 1883 1882 2058 1928; x_wconf 86' lang='lat' dir='ltr'>casus</span> <span class='ocrx_word' id='word_1_197' title='bbox 2087 1867 2338 1928; x_wconf 86' lang='lat' dir='ltr'>coniun-</span> 
     </span>
    </p>
   </div>
   <div class='ocr_carea' id='block_1_11' title="bbox 162 1950 2381 2039">
    <p class='ocr_par' dir='ltr' id='par_1_11' title="bbox 162 1950 2381 2039">
     <span class='ocr_line' id='line_1_22' title="bbox 162 1950 2381 2039; baseline 0.003 -30"><span class='ocrx_word' id='word_1_198' title='bbox 162 1957 345 2023; x_wconf 84' lang='lat' dir='ltr'>xerat,</span> <span class='ocrx_word' id='word_1_199' title='bbox 383 1951 557 2011; x_wconf 91' lang='lat' dir='ltr'>orbes</span> <span class='ocrx_word' id='word_1_200' title='bbox 588 1953 808 2026; x_wconf 84' lang='lat' dir='ltr'>facere,</span> <span class='ocrx_word' id='word_1_201' title='bbox 846 1960 1021 2029; x_wconf 89' lang='lat' dir='ltr'>atque</span> <span class='ocrx_word' id='word_1_202' title='bbox 1055 1950 1134 2011; x_wconf 79' lang='lat' dir='ltr'>ita</span> <span class='ocrx_word' id='word_1_203' title='bbox 1168 1950 1243 2011; x_wconf 87' lang='lat' dir='ltr'>ab</span> <span class='ocrx_word' id='word_1_204' title='bbox 1281 1954 1552 2015; x_wconf 86' lang='lat' dir='ltr'>omnibus</span> <span class='ocrx_word' id='word_1_205' title='bbox 1584 1951 1848 2031; x_wconf 85' lang='lat' dir='ltr'>partibus</span> <span class='ocrx_word' id='word_1_206' title='bbox 1887 1952 2062 2015; x_wconf 88' lang='lat' dir='ltr'>simul</span> <span class='ocrx_word' id='word_1_207' title='bbox 2095 1956 2237 2015; x_wconf 88' lang='lat' dir='ltr'>tecti</span> <span class='ocrx_word' id='word_1_208' title='bbox 2277 1964 2338 2015; x_wconf 89' lang='lat' dir='ltr'>et</span> <span class='ocrx_word' id='word_1_209' title='bbox 2380 1996 2381 2039; x_wconf 20' lang='grc' dir='ltr'>ἦ</span> 
     </span>
    </p>
   </div>
   <div class='ocr_carea' id='block_1_12' title="bbox 164 2034 2335 2285">
    <p class='ocr_par' dir='ltr' id='par_1_12' title="bbox 164 2034 2335 2285">
     <span class='ocr_line' id='line_1_23' title="bbox 164 2034 1302 2101; baseline 0.004 -6"><span class='ocrx_word' id='word_1_210' title='bbox 164 2034 439 2097; x_wconf 84' lang='lat' dir='ltr'>instructi</span> <span class='ocrx_word' id='word_1_211' title='bbox 458 2036 716 2097; x_wconf 86' lang='lat' dir='ltr'>hostium</span> <span class='ocrx_word' id='word_1_212' title='bbox 742 2036 856 2097; x_wconf 89' lang='lat' dir='ltr'>vim</span> <span class='ocrx_word' id='word_1_213' title='bbox 879 2036 1302 2101; x_wconf 78' lang='lat' dir='ltr'>sustentabant.</span> 
     </span>
     <span class='ocr_line' id='line_1_24' title="bbox 295 2120 2335 2201; baseline 0.002 -19"><span class='ocrx_word' id='word_1_214' title='bbox 295 2120 457 2199; x_wconf 77' lang='lat' dir='ltr'>Cap.</span> <span class='ocrx_word' id='word_1_215' title='bbox 481 2120 731 2183; x_wconf 79' lang='lat' dir='ltr'>XCVIII..</span> <span class='ocrx_word' id='word_1_216' title='bbox 770 2122 975 2199; x_wconf 87' lang='lat' dir='ltr'>Neque</span> <span class='ocrx_word' id='word_1_217' title='bbox 1000 2122 1065 2182; x_wconf 92' lang='lat' dir='ltr'>in</span> <span class='ocrx_word' id='word_1_218' title='bbox 1100 2140 1171 2181; x_wconf 88' lang='lat' dir='ltr'>eo</span> <span class='ocrx_word' id='word_1_219' title='bbox 1203 2130 1322 2185; x_wconf 87' lang='lat' dir='ltr'>tam</span> <span class='ocrx_word' id='word_1_220' title='bbox 1357 2140 1568 2201; x_wconf 87' lang='lat' dir='ltr'>aspero</span> <span class='ocrx_word' id='word_1_221' title='bbox 1592 2123 1830 2201; x_wconf 83' lang='lat' dir='ltr'>negotio</span> <span class='ocrx_word' id='word_1_222' title='bbox 1853 2123 2071 2185; x_wconf 86' lang='lat' dir='ltr'>Marius</span> <span class='ocrx_word' id='word_1_223' title='bbox 2093 2125 2335 2192; x_wconf 67' lang='lat' dir='ltr'>territus</span> 
     </span>
     <span class='ocr_line' id='line_1_25' title="bbox 167 2207 2335 2285; baseline 0.002 -18"><span class='ocrx_word' id='word_1_224' title='bbox 167 2213 267 2268; x_wconf 83' lang='lat' dir='ltr'>aut</span> <span class='ocrx_word' id='word_1_225' title='bbox 310 2207 497 2285; x_wconf 87' lang='lat' dir='ltr'>magis</span> <span class='ocrx_word' id='word_1_226' title='bbox 544 2226 717 2285; x_wconf 90' lang='lat' dir='ltr'>quam</span> <span class='ocrx_word' id='word_1_227' title='bbox 757 2215 926 2269; x_wconf 87' lang='lat' dir='ltr'>antea</span> <span class='ocrx_word' id='word_1_228' title='bbox 964 2207 1222 2268; x_wconf 86' lang='lat' dir='ltr'>demisso</span> <span class='ocrx_word' id='word_1_229' title='bbox 1260 2207 1454 2269; x_wconf 86' lang='lat' dir='ltr'>animo</span> <span class='ocrx_word' id='word_1_230' title='bbox 1487 2207 1625 2281; x_wconf 78' lang='lat' dir='ltr'>fuit,</span> <span class='ocrx_word' id='word_1_231' title='bbox 1659 2210 1764 2271; x_wconf 89' lang='lat' dir='ltr'>sed</span> <span class='ocrx_word' id='word_1_232' title='bbox 1805 2226 1942 2272; x_wconf 87' lang='lat' dir='ltr'>cum</span> <span class='ocrx_word' id='word_1_233' title='bbox 1979 2218 2170 2271; x_wconf 88' lang='lat' dir='ltr'>turma</span> <span class='ocrx_word' id='word_1_234' title='bbox 2207 2230 2335 2284; x_wconf 86' lang='lat' dir='ltr'>sua,</span> 
     </span>
    </p>
   </div>
   <div class='ocr_carea' id='block_1_13' title="bbox 164 2292 2381 2893">
    <p class='ocr_par' dir='ltr' id='par_1_13' title="bbox 164 2292 2381 2893">
     <span class='ocr_line' id='line_1_26' title="bbox 168 2292 2381 2375; baseline 0.002 -22"><span class='ocrx_word' id='word_1_235' title='bbox 168 2311 339 2373; x_wconf 87' lang='lat' dir='ltr'>quam</span> <span class='ocrx_word' id='word_1_236' title='bbox 372 2312 446 2354; x_wconf 84' lang='lat' dir='ltr'>ex</span> <span class='ocrx_word' id='word_1_237' title='bbox 478 2293 831 2355; x_wconf 74' lang='lat' dir='ltr'>fortissumis</span> <span class='ocrx_word' id='word_1_238' title='bbox 858 2292 1043 2371; x_wconf 82' lang='lat' dir='ltr'>magis</span> <span class='ocrx_word' id='word_1_239' title='bbox 1069 2311 1245 2372; x_wconf 88' lang='lat' dir='ltr'>quam</span> <span class='ocrx_word' id='word_1_240' title='bbox 1265 2294 1748 2357; x_wconf 80' lang='lat' dir='ltr'>familiarissumis</span> <span class='ocrx_word' id='word_1_241' title='bbox 1780 2302 2107 2374; x_wconf 79' lang='lat' dir='ltr'>paraverat,</span> <span class='ocrx_word' id='word_1_242' title='bbox 2132 2297 2336 2375; x_wconf 83' lang='lat' dir='ltr'>vagari</span> <span class='ocrx_word' id='word_1_243' title='bbox 2380 2354 2381 2373; x_wconf 36' lang='lat'>2</span> 
     </span>
     <span class='ocr_line' id='line_1_27' title="bbox 164 2378 2381 2458; baseline 0.001 -17"><span class='ocrx_word' id='word_1_244' title='bbox 164 2378 410 2458; x_wconf 80' lang='lat' dir='ltr'>passim,</span> <span class='ocrx_word' id='word_1_245' title='bbox 451 2398 521 2441; x_wconf 88' lang='lat' dir='ltr'>ac</span> <span class='ocrx_word' id='word_1_246' title='bbox 556 2381 733 2440; x_wconf 88' lang='lat' dir='ltr'>modo</span> <span class='ocrx_word' id='word_1_247' title='bbox 764 2379 1169 2441; x_wconf 83' lang='lat' dir='ltr'>laborantibus</span> <span class='ocrx_word' id='word_1_248' title='bbox 1210 2380 1334 2441; x_wconf 87' lang='lat' dir='ltr'>suis</span> <span class='ocrx_word' id='word_1_249' title='bbox 1371 2398 1738 2454; x_wconf 84' lang='lat' dir='ltr'>succurrere,</span> <span class='ocrx_word' id='word_1_250' title='bbox 1773 2381 1954 2442; x_wconf 85' lang='lat' dir='ltr'>modo</span> <span class='ocrx_word' id='word_1_251' title='bbox 1986 2379 2190 2452; x_wconf 79' lang='lat' dir='ltr'>hostiS,</span> <span class='ocrx_word' id='word_1_252' title='bbox 2232 2381 2335 2444; x_wconf 90' lang='lat' dir='ltr'>ubi</span> <span class='ocrx_word' id='word_1_253' title='bbox 2380 2422 2381 2431; x_wconf 25' lang='grc' dir='ltr'><strong>κ</strong></span> 
     </span>
     <span class='ocr_line' id='line_1_28' title="bbox 164 2464 2381 2542; baseline 0.002 -17"><span class='ocrx_word' id='word_1_254' title='bbox 164 2465 604 2526; x_wconf 85' lang='lat' dir='ltr'>confertissumi</span> <span class='ocrx_word' id='word_1_255' title='bbox 662 2464 1034 2539; x_wconf 86' lang='lat' dir='ltr'>obstiterant,</span> <span class='ocrx_word' id='word_1_256' title='bbox 1088 2465 1398 2539; x_wconf 86' lang='lat' dir='ltr'>invadere,</span> <span class='ocrx_word' id='word_1_257' title='bbox 1449 2484 1628 2527; x_wconf 85' lang='lat' dir='ltr'>manu</span> <span class='ocrx_word' id='word_1_258' title='bbox 1675 2466 1984 2529; x_wconf 85' lang='lat' dir='ltr'>consulere</span> <span class='ocrx_word' id='word_1_259' title='bbox 2031 2465 2330 2542; x_wconf 81' lang='lat' dir='ltr'>militibus,</span> <span class='ocrx_word' id='word_1_260' title='bbox 2380 2490 2381 2505; x_wconf 64' lang='lat'>³</span> 
     </span>
     <span class='ocr_line' id='line_1_29' title="bbox 166 2548 2381 2631; baseline 0.001 -20"><span class='ocrx_word' id='word_1_261' title='bbox 166 2548 446 2627; x_wconf 86' lang='lat' dir='ltr'>quoniam</span> <span class='ocrx_word' id='word_1_262' title='bbox 479 2549 771 2629; x_wconf 85' lang='lat' dir='ltr'>imperare</span> <span class='ocrx_word' id='word_1_263' title='bbox 808 2552 1165 2614; x_wconf 89' lang='lat' dir='ltr'>conturbatis</span> <span class='ocrx_word' id='word_1_264' title='bbox 1196 2552 1470 2617; x_wconf 85' lang='lat' dir='ltr'>omnibus</span> <span class='ocrx_word' id='word_1_265' title='bbox 1497 2570 1619 2614; x_wconf 84' lang='lat' dir='ltr'>non</span> <span class='ocrx_word' id='word_1_266' title='bbox 1643 2558 1892 2631; x_wconf 81' lang='lat' dir='ltr'>poterat.</span> <span class='ocrx_word' id='word_1_267' title='bbox 1937 2552 2174 2631; x_wconf 77' lang='lat' dir='ltr'>lamque</span> <span class='ocrx_word' id='word_1_268' title='bbox 2199 2554 2329 2613; x_wconf 87' lang='lat' dir='ltr'>dies</span> <span class='ocrx_word' id='word_1_269' title='bbox 2380 2612 2381 2625; x_wconf 61' lang='grc'>,</span> 
     </span>
     <span class='ocr_line' id='line_1_30' title="bbox 167 2637 2381 2716; baseline 0.004 -22"><span class='ocrx_word' id='word_1_270' title='bbox 167 2644 558 2715; x_wconf 87' lang='lat' dir='ltr'>consumptus</span> <span class='ocrx_word' id='word_1_271' title='bbox 594 2644 735 2708; x_wconf 90' lang='lat' dir='ltr'>erat,</span> <span class='ocrx_word' id='word_1_272' title='bbox 779 2655 960 2713; x_wconf 88' lang='lat' dir='ltr'>quum</span> <span class='ocrx_word' id='word_1_273' title='bbox 993 2646 1187 2699; x_wconf 86' lang='lat' dir='ltr'>tamen</span> <span class='ocrx_word' id='word_1_274' title='bbox 1217 2637 1451 2699; x_wconf 89' lang='lat' dir='ltr'>barbari</span> <span class='ocrx_word' id='word_1_275' title='bbox 1479 2637 1622 2700; x_wconf 89' lang='lat' dir='ltr'>nihil</span> <span class='ocrx_word' id='word_1_276' title='bbox 1655 2638 1971 2710; x_wconf 85' lang='lat' dir='ltr'>remittere,</span> <span class='ocrx_word' id='word_1_277' title='bbox 1998 2647 2208 2716; x_wconf 63' lang='lat' dir='ltr'>atque,</span> <span class='ocrx_word' id='word_1_278' title='bbox 2245 2639 2334 2703; x_wconf 87' lang='lat' dir='ltr'>uti</span> <span class='ocrx_word' id='word_1_279' title='bbox 2380 2704 2381 2709; x_wconf 66' lang='grc'>,</span> 
     </span>
     <span class='ocr_line' id='line_1_31' title="bbox 164 2722 2381 2801; baseline 0.002 -20"><span class='ocrx_word' id='word_1_280' title='bbox 164 2738 337 2800; x_wconf 82' lang='lat' dir='ltr'>reges</span> <span class='ocrx_word' id='word_1_281' title='bbox 366 2730 803 2801; x_wconf 84' lang='lat' dir='ltr'>praeceperant,</span> <span class='ocrx_word' id='word_1_282' title='bbox 834 2732 1065 2783; x_wconf 79' lang='lat' dir='ltr'>noctem</span> <span class='ocrx_word' id='word_1_283' title='bbox 1088 2741 1196 2801; x_wconf 88' lang='lat' dir='ltr'>pro</span> <span class='ocrx_word' id='word_1_284' title='bbox 1221 2738 1286 2785; x_wconf 86' lang='lat' dir='ltr'>se</span> <span class='ocrx_word' id='word_1_285' title='bbox 1306 2723 1434 2795; x_wconf 84' lang='lat' dir='ltr'>rati,</span> <span class='ocrx_word' id='word_1_286' title='bbox 1461 2723 1650 2785; x_wconf 84' lang='lat' dir='ltr'>acrius</span> <span class='ocrx_word' id='word_1_287' title='bbox 1669 2722 1911 2785; x_wconf 83' lang='lat' dir='ltr'>instare.</span> <span class='ocrx_word' id='word_1_288' title='bbox 1942 2724 2088 2785; x_wconf 87' lang='lat' dir='ltr'>Tum</span> <span class='ocrx_word' id='word_1_289' title='bbox 2109 2722 2328 2786; x_wconf 76' lang='lat' dir='ltr'>Marius</span> <span class='ocrx_word' id='word_1_290' title='bbox 2380 2750 2381 2791; x_wconf 71' lang='grc' dir='ltr'><strong>ς</strong></span> 
     </span>
     <span class='ocr_line' id='line_1_32' title="bbox 170 2806 2381 2893; baseline 0.002 -28"><span class='ocrx_word' id='word_1_291' title='bbox 170 2822 242 2867; x_wconf 86' lang='lat' dir='ltr'>ex</span> <span class='ocrx_word' id='word_1_292' title='bbox 266 2808 434 2887; x_wconf 85' lang='lat' dir='ltr'>copia</span> <span class='ocrx_word' id='word_1_293' title='bbox 456 2826 655 2867; x_wconf 91' lang='lat' dir='ltr'>rerum</span> <span class='ocrx_word' id='word_1_294' title='bbox 680 2806 983 2869; x_wconf 88' lang='lat' dir='ltr'>consilium</span> <span class='ocrx_word' id='word_1_295' title='bbox 1009 2808 1203 2882; x_wconf 85' lang='lat' dir='ltr'>trahit,</span> <span class='ocrx_word' id='word_1_296' title='bbox 1231 2816 1423 2887; x_wconf 86' lang='lat' dir='ltr'>atque,</span> <span class='ocrx_word' id='word_1_297' title='bbox 1443 2808 1525 2870; x_wconf 86' lang='lat' dir='ltr'>uti</span> <span class='ocrx_word' id='word_1_298' title='bbox 1544 2807 1667 2883; x_wconf 75' lang='lat' dir='ltr'>suis</span> <span class='ocrx_word' id='word_1_299' title='bbox 1689 2808 1950 2889; x_wconf 83' lang='lat' dir='ltr'>receptui</span> <span class='ocrx_word' id='word_1_300' title='bbox 1969 2810 2133 2870; x_wconf 85' lang='lat' dir='ltr'>locus</span> <span class='ocrx_word' id='word_1_301' title='bbox 2151 2820 2328 2883; x_wconf 84' lang='lat' dir='ltr'>esset,</span> <span class='ocrx_word' id='word_1_302' title='bbox 2379 2866 2381 2893; x_wconf 55' lang='lat'><em>⁴</em></span> 
     </span>
    </p>
   </div>
   <div class='ocr_carea' id='block_1_14' title="bbox 164 2892 2328 3059">
    <p class='ocr_par' dir='ltr' id='par_1_14' title="bbox 164 2892 2328 3059">
     <span class='ocr_line' id='line_1_33' title="bbox 168 2892 2328 2987; baseline 0.002 -35"><span class='ocrx_word' id='word_1_303' title='bbox 168 2893 333 2955; x_wconf 80' lang='lat' dir='ltr'>colli-s</span> <span class='ocrx_word' id='word_1_304' title='bbox 374 2894 522 2987; x_wconf 48' lang='lat' dir='ltr'>dulos</span> <span class='ocrx_word' id='word_1_305' title='bbox 562 2892 928 2971; x_wconf 87' lang='lat' dir='ltr'>propinquos</span> <span class='ocrx_word' id='word_1_306' title='bbox 962 2893 1117 2954; x_wconf 89' lang='lat' dir='ltr'>inter</span> <span class='ocrx_word' id='word_1_307' title='bbox 1150 2912 1215 2955; x_wconf 86' lang='lat' dir='ltr'>se</span> <span class='ocrx_word' id='word_1_308' title='bbox 1252 2903 1528 2973; x_wconf 52' lang='lat' dir='ltr'>occupem</span> <span class='ocrx_word' id='word_1_309' title='bbox 1561 2912 1808 2973; x_wconf 87' lang='lat' dir='ltr'>quorum</span> <span class='ocrx_word' id='word_1_310' title='bbox 1843 2894 1904 2956; x_wconf 89' lang='lat' dir='ltr'>in</span> <span class='ocrx_word' id='word_1_311' title='bbox 1939 2912 2092 2966; x_wconf 84' lang='lat' dir='ltr'>uuo,</span> <span class='ocrx_word' id='word_1_312' title='bbox 2125 2896 2328 2957; x_wconf 86' lang='lat' dir='ltr'>castris</span> 
     </span>
     <span class='ocr_line' id='line_1_34' title="bbox 164 2979 2328 3059; baseline 0.002 -22"><span class='ocrx_word' id='word_1_313' title='bbox 164 2995 377 3057; x_wconf 88' lang='lat' dir='ltr'>parum</span> <span class='ocrx_word' id='word_1_314' title='bbox 416 2979 630 3059; x_wconf 87' lang='lat' dir='ltr'>amplo,</span> <span class='ocrx_word' id='word_1_315' title='bbox 654 2981 785 3040; x_wconf 81' lang='lat' dir='ltr'>fons</span> <span class='ocrx_word' id='word_1_316' title='bbox 809 2996 993 3057; x_wconf 86' lang='lat' dir='ltr'>aquae</span> <span class='ocrx_word' id='word_1_317' title='bbox 1022 2998 1270 3057; x_wconf 86' lang='lat' dir='ltr'>magnus</span> <span class='ocrx_word' id='word_1_318' title='bbox 1292 2988 1432 3053; x_wconf 87' lang='lat' dir='ltr'>erat,</span> <span class='ocrx_word' id='word_1_319' title='bbox 1457 2980 1603 3040; x_wconf 87' lang='lat' dir='ltr'>alter</span> <span class='ocrx_word' id='word_1_320' title='bbox 1625 2980 1757 3041; x_wconf 86' lang='lat' dir='ltr'>usui</span> <span class='ocrx_word' id='word_1_321' title='bbox 1781 2990 2166 3059; x_wconf 67' lang='lat' dir='ltr'>opportunae,</span> <span class='ocrx_word' id='word_1_322' title='bbox 2189 2981 2328 3059; x_wconf 85' lang='lat' dir='ltr'>q&#39;uia</span> 
     </span>
    </p>
   </div>
   <div class='ocr_carea' id='block_1_15' title="bbox 166 3052 2381 3145">
    <p class='ocr_par' dir='ltr' id='par_1_15' title="bbox 166 3052 2381 3145">
     <span class='ocr_line' id='line_1_35' title="bbox 166 3052 2381 3145; baseline 0.002 -22"><span class='ocrx_word' id='word_1_323' title='bbox 166 3079 381 3141; x_wconf 84' lang='lat' dir='ltr'>magna</span> <span class='ocrx_word' id='word_1_324' title='bbox 406 3074 573 3144; x_wconf 81' lang='lat' dir='ltr'>parte</span> <span class='ocrx_word' id='word_1_325' title='bbox 590 3052 781 3125; x_wconf 84' lang='lat' dir='ltr'>editus</span> <span class='ocrx_word' id='word_1_326' title='bbox 804 3074 861 3125; x_wconf 89' lang='lat' dir='ltr'>et</span> <span class='ocrx_word' id='word_1_327' title='bbox 882 3084 1166 3145; x_wconf 83' lang='lat' dir='ltr'>praeceps</span> <span class='ocrx_word' id='word_1_328' title='bbox 1193 3084 1381 3145; x_wconf 87' lang='lat' dir='ltr'>pauca</span> <span class='ocrx_word' id='word_1_329' title='bbox 1401 3065 1762 3127; x_wconf 83' lang='lat' dir='ltr'>munimento</span> <span class='ocrx_word' id='word_1_330' title='bbox 1783 3066 2116 3144; x_wconf 85' lang='lat' dir='ltr'>quaerebat.</span> <span class='ocrx_word' id='word_1_331' title='bbox 2149 3065 2328 3127; x_wconf 73' lang='lat' dir='ltr'>‘Cete-</span> <span class='ocrx_word' id='word_1_332' title='bbox 2380 3066 2381 3071; x_wconf 76' lang='grc'>’</span> 
     </span>
    </p>
   </div>
   <div class='ocr_carea' id='block_1_16' title="bbox 165 3233 2324 3314">
    <p class='ocr_par' dir='ltr' id='par_1_16' title="bbox 165 3233 2324 3314">
     <span class='ocr_line' id='line_1_36' title="bbox 165 3233 2324 3314; baseline 0.002 -20"><span class='ocrx_word' id='word_1_333' title='bbox 165 3233 466 3314; x_wconf 86' lang='lat' dir='ltr'>paullatim</span> <span class='ocrx_word' id='word_1_334' title='bbox 498 3236 801 3313; x_wconf 86' lang='lat' dir='ltr'>dispersos</span> <span class='ocrx_word' id='word_1_335' title='bbox 831 3235 1065 3310; x_wconf 85' lang='lat' dir='ltr'>milites,</span> <span class='ocrx_word' id='word_1_336' title='bbox 1102 3254 1296 3313; x_wconf 86' lang='lat' dir='ltr'>neque</span> <span class='ocrx_word' id='word_1_337' title='bbox 1333 3236 1526 3297; x_wconf 87' lang='lat' dir='ltr'>minus</span> <span class='ocrx_word' id='word_1_338' title='bbox 1561 3235 1832 3301; x_wconf 85' lang='lat' dir='ltr'>hostibus</span> <span class='ocrx_word' id='word_1_339' title='bbox 1857 3235 2234 3312; x_wconf 82' lang='lat' dir='ltr'>conturbatis,</span> <span class='ocrx_word' id='word_1_340' title='bbox 2257 3236 2324 3299; x_wconf 86' lang='lat' dir='ltr'>in</span> 
     </span>
    </p>
   </div>
   <div class='ocr_carea' id='block_1_17' title="bbox 45 3150 2381 3231">
    <p class='ocr_par' dir='ltr' id='par_1_17' title="bbox 45 3150 2381 3231">
     <span class='ocr_line' id='line_1_37' title="bbox 45 3150 2381 3231; baseline 0.001 -22"><span class='ocrx_word' id='word_1_341' title='bbox 45 3189 58 3197; x_wconf 86' lang='lat'><em>-</em></span> <span class='ocrx_word' id='word_1_342' title='bbox 166 3166 301 3209; x_wconf 87' lang='lat' dir='ltr'>rum</span> <span class='ocrx_word' id='word_1_343' title='bbox 328 3152 483 3227; x_wconf 84' lang='lat' dir='ltr'>apud</span> <span class='ocrx_word' id='word_1_344' title='bbox 512 3168 717 3229; x_wconf 84' lang='lat' dir='ltr'>aquam</span> <span class='ocrx_word' id='word_1_345' title='bbox 742 3150 959 3214; x_wconf 86' lang='lat' dir='ltr'>Sullam</span> <span class='ocrx_word' id='word_1_346' title='bbox 996 3170 1127 3211; x_wconf 88' lang='lat' dir='ltr'>cum</span> <span class='ocrx_word' id='word_1_347' title='bbox 1154 3150 1446 3229; x_wconf 84' lang='lat' dir='ltr'>equitibus</span> <span class='ocrx_word' id='word_1_348' title='bbox 1475 3160 1708 3215; x_wconf 82' lang='lat' dir='ltr'>noctem</span> <span class='ocrx_word' id='word_1_349' title='bbox 1732 3152 1949 3229; x_wconf 83' lang='lat' dir='ltr'>agitare</span> <span class='ocrx_word' id='word_1_350' title='bbox 1971 3151 2150 3213; x_wconf 84' lang='lat' dir='ltr'>iubet.</span> <span class='ocrx_word' id='word_1_351' title='bbox 2182 3150 2326 3231; x_wconf 83' lang='lat' dir='ltr'>Ipse</span> <span class='ocrx_word' id='word_1_352' title='bbox 2379 3198 2381 3211; x_wconf 39' lang='lat'><strong>⁴</strong></span> 
     </span>
    </p>
   </div>
   <div class='ocr_carea' id='block_1_18' title="bbox 166 3319 2381 3399">
    <p class='ocr_par' dir='ltr' id='par_1_18' title="bbox 166 3319 2381 3399">
     <span class='ocr_line' id='line_1_38' title="bbox 166 3319 2381 3399; baseline 0.001 -18"><span class='ocrx_word' id='word_1_353' title='bbox 166 3338 347 3381; x_wconf 85' lang='lat' dir='ltr'>unum</span> <span class='ocrx_word' id='word_1_354' title='bbox 372 3320 677 3392; x_wconf 82' lang='lat' dir='ltr'>contrahit,</span> <span class='ocrx_word' id='word_1_355' title='bbox 700 3320 833 3381; x_wconf 86' lang='lat' dir='ltr'>dein</span> <span class='ocrx_word' id='word_1_356' title='bbox 862 3331 1107 3383; x_wconf 87' lang='lat' dir='ltr'>cunctos</span> <span class='ocrx_word' id='word_1_357' title='bbox 1140 3319 1317 3399; x_wconf 88' lang='lat' dir='ltr'>pleno</span> <span class='ocrx_word' id='word_1_358' title='bbox 1357 3323 1544 3399; x_wconf 80' lang='lat' dir='ltr'>gradu</span> <span class='ocrx_word' id='word_1_359' title='bbox 1567 3322 1630 3383; x_wconf 86' lang='lat' dir='ltr'>in</span> <span class='ocrx_word' id='word_1_360' title='bbox 1663 3322 1868 3385; x_wconf 86' lang='lat' dir='ltr'>collem</span> <span class='ocrx_word' id='word_1_361' title='bbox 1899 3322 2192 3385; x_wconf 82' lang='lat' dir='ltr'>subducit.</span> <span class='ocrx_word' id='word_1_362' title='bbox 2233 3322 2321 3384; x_wconf 76' lang='lat' dir='ltr'>Ita</span> <span class='ocrx_word' id='word_1_363' title='bbox 2380 3362 2381 3397; x_wconf 23' lang='grc' dir='ltr'>Ξ</span> 
     </span>
    </p>
   </div>
   <div class='ocr_carea' id='block_1_19' title="bbox 165 3403 2318 3569">
    <p class='ocr_par' dir='ltr' id='par_1_19' title="bbox 165 3403 2318 3569">
     <span class='ocr_line' id='line_1_39' title="bbox 165 3403 2318 3484; baseline 0.003 -19"><span class='ocrx_word' id='word_1_364' title='bbox 165 3424 337 3482; x_wconf 85' lang='lat' dir='ltr'>reges</span> <span class='ocrx_word' id='word_1_365' title='bbox 363 3404 475 3467; x_wconf 87' lang='lat' dir='ltr'>loci</span> <span class='ocrx_word' id='word_1_366' title='bbox 508 3404 845 3467; x_wconf 80' lang='lat' dir='ltr'>difficultate</span> <span class='ocrx_word' id='word_1_367' title='bbox 878 3406 1063 3467; x_wconf 83' lang='lat' dir='ltr'>coacti</span> <span class='ocrx_word' id='word_1_368' title='bbox 1087 3403 1308 3483; x_wconf 86' lang='lat' dir='ltr'>praelio</span> <span class='ocrx_word' id='word_1_369' title='bbox 1331 3408 1718 3479; x_wconf 82' lang='lat' dir='ltr'>deterrentur,</span> <span class='ocrx_word' id='word_1_370' title='bbox 1741 3424 1938 3484; x_wconf 80' lang='lat' dir='ltr'>neque</span> <span class='ocrx_word' id='word_1_371' title='bbox 1963 3417 2162 3469; x_wconf 81' lang='lat' dir='ltr'>tamen·</span> <span class='ocrx_word' id='word_1_372' title='bbox 2173 3426 2318 3471; x_wconf 82' lang='lat' dir='ltr'>suos</span> 
     </span>
     <span class='ocr_line' id='line_1_40' title="bbox 166 3488 2316 3569; baseline 0.003 -20"><span class='ocrx_word' id='word_1_373' title='bbox 166 3488 402 3567; x_wconf 81' lang='lat' dir='ltr'>longius</span> <span class='ocrx_word' id='word_1_374' title='bbox 436 3488 599 3551; x_wconf 86' lang='lat' dir='ltr'>abire</span> <span class='ocrx_word' id='word_1_375' title='bbox 636 3490 858 3561; x_wconf 86' lang='lat' dir='ltr'>sinunt,</span> <span class='ocrx_word' id='word_1_376' title='bbox 902 3491 1037 3563; x_wconf 88' lang='lat' dir='ltr'>sed,</span> <span class='ocrx_word' id='word_1_377' title='bbox 1074 3496 1324 3569; x_wconf 85' lang='lat' dir='ltr'>utroque</span> <span class='ocrx_word' id='word_1_378' title='bbox 1354 3493 1502 3555; x_wconf 90' lang='lat' dir='ltr'>colle</span> <span class='ocrx_word' id='word_1_379' title='bbox 1544 3492 1912 3555; x_wconf 82' lang='lat' dir='ltr'>multitudine</span> <span class='ocrx_word' id='word_1_380' title='bbox 1947 3492 2316 3567; x_wconf 67' lang='lat' dir='ltr'>circumdata,</span> 
     </span>
    </p>
   </div>
   <div class='ocr_carea' id='block_1_20' title="bbox 2373 3462 2382 3503">
    <p class='ocr_par' dir='ltr' id='par_1_20' title="bbox 2373 3462 2382 3503">
     <span class='ocr_line' id='line_1_41' title="bbox 2373 3462 2382 3503; baseline 0 0"><span class='ocrx_word' id='word_1_381' title='bbox 2373 3462 2382 3503; x_wconf 68' lang='lat' dir='ltr'>l</span> 
     </span>
    </p>
   </div>
   <div class='ocr_carea' id='block_1_21' title="bbox 176 3570 2318 3667">
    <p class='ocr_par' dir='ltr' id='par_1_21' title="bbox 176 3570 2381 3667">
     <span class='ocr_line' id='line_1_42' title="bbox 176 3570 2318 3667; baseline 0.002 -34"><span class='ocrx_word' id='word_1_382' title='bbox 176 3570 349 3635; x_wconf 73' lang='lat' dir='ltr'>effusi</span> <span class='ocrx_word' id='word_1_383' title='bbox 398 3573 743 3638; x_wconf 83' lang='lat' dir='ltr'>consedere.</span> <span class='ocrx_word' id='word_1_384' title='bbox 797 3574 945 3639; x_wconf 81' lang='lat' dir='ltr'>Dein</span> <span class='ocrx_word' id='word_1_385' title='bbox 986 3574 1208 3636; x_wconf 83' lang='lat' dir='ltr'>crebris</span> <span class='ocrx_word' id='word_1_386' title='bbox 1241 3576 1474 3655; x_wconf 73' lang='lat' dir='ltr'>ignibus</span> <span class='ocrx_word' id='word_1_387' title='bbox 1513 3580 1714 3651; x_wconf 60' lang='lat' dir='ltr'>tactis,</span> <span class='ocrx_word' id='word_1_388' title='bbox 1754 3576 2104 3667; x_wconf 75' lang='lat' dir='ltr'>plerumque</span> <span class='ocrx_word' id='word_1_389' title='bbox 2133 3579 2318 3645; x_wconf 73' lang='lat' dir='ltr'>noctis</span> 
     </span>
    </p>
   </div>
  </div>
 </body>
</html>
