<?xml version="1.0" encoding="UTF-8"?>
<!DOCTYPE html PUBLIC "-//W3C//DTD XHTML 1.0 Transitional//EN"
    "http://www.w3.org/TR/xhtml1/DTD/xhtml1-transitional.dtd">
<html xmlns="http://www.w3.org/1999/xhtml" xml:lang="en" lang="en">
 <head>
  <title>
</title>
<meta http-equiv="Content-Type" content="text/html;charset=utf-8" />
  <meta name='ocr-system' content='tesseract 3.04.00' />
  <meta name='ocr-capabilities' content='ocr_page ocr_carea ocr_par ocr_line ocrx_word'/>
</head>
<body>
  <div class='ocr_page' id='page_1' title='image "./csallustiicrisp00kochgoog_0019.png"; bbox 0 0 2400 3900; ppageno 0'>
   <div class='ocr_carea' id='block_1_1' title="bbox 825 37 2278 106">
    <p class='ocr_par' dir='ltr' id='par_1_1' title="bbox 825 37 2278 106">
     <span class='ocr_line' id='line_1_1' title="bbox 825 37 2278 106; baseline 0.003 -4"><span class='ocrx_word' id='word_1_1' title='bbox 825 39 1148 102; x_wconf 49' lang='lat' dir='ltr'>GATlLlNi</span> <span class='ocrx_word' id='word_1_2' title='bbox 1204 59 1258 101; x_wconf 92' lang='lat' dir='ltr'>c.</span> <span class='ocrx_word' id='word_1_3' title='bbox 1288 37 1578 103; x_wconf 78' lang='lat'><strong>17—20.</strong></span> <span class='ocrx_word' id='word_1_4' title='bbox 2199 44 2278 106; x_wconf 89' lang='lat'>11</span> 
     </span>
    </p>
   </div>
   <div class='ocr_carea' id='block_1_2' title="bbox 97 158 2281 2119">
    <p class='ocr_par' dir='ltr' id='par_1_2' title="bbox 97 158 2281 326">
     <span class='ocr_line' id='line_1_2' title="bbox 99 158 2281 244; baseline 0.003 -22"><span class='ocrx_word' id='word_1_5' title='bbox 99 179 292 222; x_wconf 76' lang='lat' dir='ltr'>saeva</span> <span class='ocrx_word' id='word_1_6' title='bbox 319 160 690 224; x_wconf 76' lang='lat' dir='ltr'>multaantca</span> <span class='ocrx_word' id='word_1_7' title='bbox 716 177 1056 238; x_wconf 79' lang='lat' dir='ltr'>perpessos·</span> <span class='ocrx_word' id='word_1_8' title='bbox 1099 158 1225 220; x_wconf 82' lang='lat' dir='ltr'>Nos</span> <span class='ocrx_word' id='word_1_9' title='bbox 1243 176 1385 224; x_wconf 83' lang='lat' dir='ltr'>,eam</span> <span class='ocrx_word' id='word_1_10' title='bbox 1408 177 1533 220; x_wconf 79' lang='lat' dir='ltr'>rem</span> <span class='ocrx_word' id='word_1_11' title='bbox 1556 160 1629 223; x_wconf 68' lang='lat' dir='ltr'>in*</span> <span class='ocrx_word' id='word_1_12' title='bbox 1642 163 1836 224; x_wconf 88' lang='lat' dir='ltr'>medio</span> <span class='ocrx_word' id='word_1_13' title='bbox 1858 164 2281 244; x_wconf 52' lang='lat' dir='ltr'>relinquemus</span> 
     </span>
     <span class='ocr_line' id='line_1_3' title="bbox 97 244 1395 326; baseline -0.003 -17"><span class='ocrx_word' id='word_1_14' title='bbox 97 247 194 310; x_wconf 90' lang='lat' dir='ltr'>De</span> <span class='ocrx_word' id='word_1_15' title='bbox 221 246 534 324; x_wconf 82' lang='lat' dir='ltr'>superiore</span> <span class='ocrx_word' id='word_1_16' title='bbox 555 245 956 310; x_wconf 81' lang='lat' dir='ltr'>coniuratione</span> <span class='ocrx_word' id='word_1_17' title='bbox 981 245 1126 326; x_wconf 82' lang='lat' dir='ltr'>satis</span> <span class='ocrx_word' id='word_1_18' title='bbox 1154 244 1395 306; x_wconf 83' lang='lat' dir='ltr'>dietum.</span> 
     </span>
    </p>

    <p class='ocr_par' dir='ltr' id='par_1_3' title="bbox 99 330 2281 2119">
     <span class='ocr_line' id='line_1_4' title="bbox 241 330 2281 409; baseline 0.003 -17"><span class='ocrx_word' id='word_1_19' title='bbox 241 332 406 409; x_wconf 80' lang='lat' dir='ltr'>Cap.</span> <span class='ocrx_word' id='word_1_20' title='bbox 431 331 557 392; x_wconf 86' lang='lat' dir='ltr'>XX.</span> <span class='ocrx_word' id='word_1_21' title='bbox 615 330 872 403; x_wconf 77' lang='lat' dir='ltr'>Catilina,</span> <span class='ocrx_word' id='word_1_22' title='bbox 908 330 1010 393; x_wconf 88' lang='lat' dir='ltr'>ubi</span> <span class='ocrx_word' id='word_1_23' title='bbox 1045 349 1170 404; x_wconf 77' lang='lat' dir='ltr'>eoS,</span> <span class='ocrx_word' id='word_1_24' title='bbox 1207 349 1356 408; x_wconf 86' lang='lat' dir='ltr'>quos</span> <span class='ocrx_word' id='word_1_25' title='bbox 1386 331 1581 408; x_wconf 84' lang='lat' dir='ltr'>paullo</span> <span class='ocrx_word' id='word_1_26' title='bbox 1612 340 1745 393; x_wconf 82' lang='lat' dir='ltr'>ante</span> <span class='ocrx_word' id='word_1_27' title='bbox 1771 335 2107 408; x_wconf 81' lang='lat' dir='ltr'>memoravi,</span> <span class='ocrx_word' id='word_1_28' title='bbox 2135 354 2281 398; x_wconf 86' lang='lat' dir='ltr'>con-</span> 
     </span>
     <span class='ocr_line' id='line_1_5' title="bbox 99 415 2281 498; baseline 0.004 -22"><span class='ocrx_word' id='word_1_29' title='bbox 99 417 350 476; x_wconf 83' lang='lat' dir='ltr'>venisse</span> <span class='ocrx_word' id='word_1_30' title='bbox 384 417 558 489; x_wconf 86' lang='lat' dir='ltr'>videt,</span> <span class='ocrx_word' id='word_1_31' title='bbox 596 417 828 478; x_wconf 81' lang='lat' dir='ltr'>tametsi</span> <span class='ocrx_word' id='word_1_32' title='bbox 862 435 993 478; x_wconf 83' lang='lat' dir='ltr'>cum</span> <span class='ocrx_word' id='word_1_33' title='bbox 1033 415 1279 494; x_wconf 85' lang='lat' dir='ltr'>singulis</span> <span class='ocrx_word' id='word_1_34' title='bbox 1316 415 1497 476; x_wconf 88' lang='lat' dir='ltr'>multa</span> <span class='ocrx_word' id='word_1_35' title='bbox 1526 433 1707 496; x_wconf 82' lang='lat' dir='ltr'><strong>saepe</strong></span> <span class='ocrx_word' id='word_1_36' title='bbox 1746 430 1963 498; x_wconf 81' lang='lat' dir='ltr'><strong>egerat,</strong></span> <span class='ocrx_word' id='word_1_37' title='bbox 1998 421 2233 484; x_wconf 85' lang='lat' dir='ltr'>tamen</span> <span class='ocrx_word' id='word_1_38' title='bbox 2214 439 2281 484; x_wconf 84' lang='lat' dir='ltr'>m</span> 
     </span>
     <span class='ocr_line' id='line_1_6' title="bbox 99 500 2281 588; baseline 0.002 -26"><span class='ocrx_word' id='word_1_39' title='bbox 99 521 238 562; x_wconf 87' lang='lat' dir='ltr'>rem</span> <span class='ocrx_word' id='word_1_40' title='bbox 265 505 396 562; x_wconf 80' lang='lat' dir='ltr'>sore</span> <span class='ocrx_word' id='word_1_41' title='bbox 419 501 670 565; x_wconf 86' lang='lat' dir='ltr'>credens</span> <span class='ocrx_word' id='word_1_42' title='bbox 694 503 1008 564; x_wconf 85' lang='lat' dir='ltr'>universos</span> <span class='ocrx_word' id='word_1_43' title='bbox 1036 501 1332 588; x_wconf 82' lang='lat' dir='ltr'>appellare</span> <span class='ocrx_word' id='word_1_44' title='bbox 1356 509 1417 560; x_wconf 91' lang='lat' dir='ltr'>et</span> <span class='ocrx_word' id='word_1_45' title='bbox 1438 500 1747 577; x_wconf 86' lang='lat' dir='ltr'>cohortari,</span> <span class='ocrx_word' id='word_1_46' title='bbox 1771 505 1835 564; x_wconf 89' lang='lat' dir='ltr'>in</span> <span class='ocrx_word' id='word_1_47' title='bbox 1862 505 2116 567; x_wconf 84' lang='lat' dir='ltr'>abditam</span> <span class='ocrx_word' id='word_1_48' title='bbox 2141 525 2281 586; x_wconf 90' lang='lat' dir='ltr'>par-</span> 
     </span>
     <span class='ocr_line' id='line_1_7' title="bbox 101 579 2278 682; baseline 0.002 -34"><span class='ocrx_word' id='word_1_49' title='bbox 101 596 231 648; x_wconf 89' lang='lat' dir='ltr'>tem</span> <span class='ocrx_word' id='word_1_50' title='bbox 268 581 500 649; x_wconf 83' lang='lat' dir='ltr'>aedium</span> <span class='ocrx_word' id='word_1_51' title='bbox 541 581 782 662; x_wconf 79' lang='lat' dir='ltr'>secedit,</span> <span class='ocrx_word' id='word_1_52' title='bbox 833 595 1010 665; x_wconf 86' lang='lat' dir='ltr'>atque</span> <span class='ocrx_word' id='word_1_53' title='bbox 1059 587 1158 659; x_wconf 87' lang='lat' dir='ltr'>ibi,</span> <span class='ocrx_word' id='word_1_54' title='bbox 1197 579 1475 682; x_wconf 71' lang='lat' dir='ltr'>&#39;omnibus</span> <span class='ocrx_word' id='word_1_55' title='bbox 1524 585 1757 648; x_wconf 88' lang='lat' dir='ltr'>arbitris</span> <span class='ocrx_word' id='word_1_56' title='bbox 1799 591 2009 668; x_wconf 86' lang='lat' dir='ltr'>procul</span> <span class='ocrx_word' id='word_1_57' title='bbox 2048 593 2278 668; x_wconf 87' lang='lat' dir='ltr'>amotis,</span> 
     </span>
     <span class='ocr_line' id='line_1_8' title="bbox 105 671 2279 756; baseline 0.002 -22"><span class='ocrx_word' id='word_1_58' title='bbox 105 673 442 734; x_wconf 83' lang='lat' dir='ltr'>orationem</span> <span class='ocrx_word' id='word_1_59' title='bbox 466 672 872 734; x_wconf 89' lang='lat' dir='ltr'>huiuscemodi</span> <span class='ocrx_word' id='word_1_60' title='bbox 909 671 1130 733; x_wconf 88' lang='lat' dir='ltr'>habuit.</span> <span class='ocrx_word' id='word_1_61' title='bbox 1185 671 1297 745; x_wconf 80' lang='lat' dir='ltr'>„Ni</span> <span class='ocrx_word' id='word_1_62' title='bbox 1316 671 1495 732; x_wconf 88' lang='lat' dir='ltr'>virtus</span> <span class='ocrx_word' id='word_1_63' title='bbox 1521 673 1785 751; x_wconf 89' lang='lat' dir='ltr'>fidesque</span> <span class='ocrx_word' id='word_1_64' title='bbox 1800 685 1991 736; x_wconf 87' lang='lat' dir='ltr'>vestra</span> <span class='ocrx_word' id='word_1_65' title='bbox 2014 684 2279 756; x_wconf 86' lang='lat' dir='ltr'>spectata</span> 
     </span>
     <span class='ocr_line' id='line_1_9' title="bbox 104 757 2279 838; baseline 0.001 -18"><span class='ocrx_word' id='word_1_66' title='bbox 104 759 260 834; x_wconf 78' lang='lat' dir='ltr'>mihi</span> <span class='ocrx_word' id='word_1_67' title='bbox 287 762 498 832; x_wconf 78' lang='lat' dir='ltr'>forent,</span> <span class='ocrx_word' id='word_1_68' title='bbox 523 758 910 837; x_wconf 73' lang='lat' dir='ltr'>nequicquam</span> <span class='ocrx_word' id='word_1_69' title='bbox 927 765 1258 836; x_wconf 81' lang='lat' dir='ltr'>opportuna</span> <span class='ocrx_word' id='word_1_70' title='bbox 1272 775 1371 818; x_wconf 90' lang='lat' dir='ltr'>res</span> <span class='ocrx_word' id='word_1_71' title='bbox 1396 757 1722 831; x_wconf 68' lang='lat' dir='ltr'><strong>cecidisset,</strong></span> <span class='ocrx_word' id='word_1_72' title='bbox 1752 777 1891 837; x_wconf 89' lang='lat' dir='ltr'>spes</span> <span class='ocrx_word' id='word_1_73' title='bbox 1910 779 2137 838; x_wconf 85' lang='lat' dir='ltr'>magna,</span> <span class='ocrx_word' id='word_1_74' title='bbox 2166 762 2279 823; x_wconf 90' lang='lat' dir='ltr'>do-</span> 
     </span>
     <span class='ocr_line' id='line_1_10' title="bbox 103 843 2281 923; baseline 0.001 -17"><span class='ocrx_word' id='word_1_75' title='bbox 103 845 360 906; x_wconf 81' lang='lat' dir='ltr'>minatio</span> <span class='ocrx_word' id='word_1_76' title='bbox 387 845 450 906; x_wconf 91' lang='lat' dir='ltr'>in</span> <span class='ocrx_word' id='word_1_77' title='bbox 482 843 756 904; x_wconf 84' lang='lat' dir='ltr'>manibus</span> <span class='ocrx_word' id='word_1_78' title='bbox 789 844 1006 903; x_wconf 84' lang='lat' dir='ltr'>frustra</span> <span class='ocrx_word' id='word_1_79' title='bbox 1041 843 1307 920; x_wconf 78' lang='lat' dir='ltr'>fuissent,</span> <span class='ocrx_word' id='word_1_80' title='bbox 1352 861 1543 922; x_wconf 90' lang='lat' dir='ltr'>neque</span> <span class='ocrx_word' id='word_1_81' title='bbox 1575 862 1683 921; x_wconf 86' lang='lat' dir='ltr'>ego</span> <span class='ocrx_word' id='word_1_82' title='bbox 1720 862 1829 922; x_wconf 88' lang='lat' dir='ltr'>per</span> <span class='ocrx_word' id='word_1_83' title='bbox 1859 845 2143 923; x_wconf 84' lang='lat' dir='ltr'>ignaviam</span> <span class='ocrx_word' id='word_1_84' title='bbox 2180 854 2281 909; x_wconf 88' lang='lat' dir='ltr'>aut</span> 
     </span>
     <span class='ocr_line' id='line_1_11' title="bbox 106 929 2278 1009; baseline 0 -17"><span class='ocrx_word' id='word_1_85' title='bbox 106 949 266 992; x_wconf 85' lang='lat' dir='ltr'>vana</span> <span class='ocrx_word' id='word_1_86' title='bbox 290 929 524 1007; x_wconf 83' lang='lat' dir='ltr'>ingenia</span> <span class='ocrx_word' id='word_1_87' title='bbox 542 929 768 990; x_wconf 86' lang='lat' dir='ltr'>incerta</span> <span class='ocrx_word' id='word_1_88' title='bbox 782 947 890 1006; x_wconf 89' lang='lat' dir='ltr'>pro</span> <span class='ocrx_word' id='word_1_89' title='bbox 919 929 1096 990; x_wconf 84' lang='lat' dir='ltr'>certis</span> <span class='ocrx_word' id='word_1_90' title='bbox 1116 937 1429 1007; x_wconf 77' lang='lat' dir='ltr'>captarem.</span> <span class='ocrx_word' id='word_1_91' title='bbox 1466 929 1585 989; x_wconf 87' lang='lat' dir='ltr'>Sed</span> <span class='ocrx_word' id='word_1_92' title='bbox 1606 929 1957 1007; x_wconf 80' lang='lat' dir='ltr'>quiamultis</span> <span class='ocrx_word' id='word_1_93' title='bbox 1978 938 2037 990; x_wconf 91' lang='lat' dir='ltr'>et</span> <span class='ocrx_word' id='word_1_94' title='bbox 2053 933 2278 1009; x_wconf 87' lang='lat' dir='ltr'>magnis</span> 
     </span>
     <span class='ocr_line' id='line_1_12' title="bbox 107 1014 2281 1094; baseline 0.001 -18"><span class='ocrx_word' id='word_1_95' title='bbox 107 1014 565 1094; x_wconf 78' lang='lat' dir='ltr'>tempestatibus</span> <span class='ocrx_word' id='word_1_96' title='bbox 601 1033 706 1076; x_wconf 89' lang='lat' dir='ltr'>vos</span> <span class='ocrx_word' id='word_1_97' title='bbox 739 1015 984 1090; x_wconf 84' lang='lat' dir='ltr'>cognovi</span> <span class='ocrx_word' id='word_1_98' title='bbox 1017 1015 1198 1074; x_wconf 79' lang='lat' dir='ltr'>fortes</span> <span class='ocrx_word' id='word_1_99' title='bbox 1238 1016 1509 1092; x_wconf 88' lang='lat' dir='ltr'>fidosque</span> <span class='ocrx_word' id='word_1_100' title='bbox 1538 1014 1700 1087; x_wconf 87' lang='lat' dir='ltr'>mihi,</span> <span class='ocrx_word' id='word_1_101' title='bbox 1728 1033 1798 1075; x_wconf 92' lang='lat' dir='ltr'>eo</span> <span class='ocrx_word' id='word_1_102' title='bbox 1830 1016 2059 1076; x_wconf 83' lang='lat' dir='ltr'>animus</span> <span class='ocrx_word' id='word_1_103' title='bbox 2102 1035 2281 1080; x_wconf 86' lang='lat' dir='ltr'>ausus</span> 
     </span>
     <span class='ocr_line' id='line_1_13' title="bbox 109 1099 2279 1180; baseline 0.001 -20"><span class='ocrx_word' id='word_1_104' title='bbox 109 1107 172 1160; x_wconf 89' lang='lat' dir='ltr'>et</span> <span class='ocrx_word' id='word_1_105' title='bbox 187 1119 528 1162; x_wconf 81' lang='lat' dir='ltr'>maxumum</span> <span class='ocrx_word' id='word_1_106' title='bbox 545 1108 716 1179; x_wconf 88' lang='lat' dir='ltr'>atque</span> <span class='ocrx_word' id='word_1_107' title='bbox 733 1100 1213 1179; x_wconf 85' lang='lat' dir='ltr'>pulcherrumum</span> <span class='ocrx_word' id='word_1_108' title='bbox 1232 1099 1490 1160; x_wconf 84' lang='lat' dir='ltr'>facinus</span> <span class='ocrx_word' id='word_1_109' title='bbox 1474 1100 1753 1178; x_wconf 81' lang='lat' dir='ltr'>incipere,</span> <span class='ocrx_word' id='word_1_110' title='bbox 1770 1100 1945 1162; x_wconf 89' lang='lat' dir='ltr'>simul</span> <span class='ocrx_word' id='word_1_111' title='bbox 1962 1102 2095 1180; x_wconf 88' lang='lat' dir='ltr'>quia</span> <span class='ocrx_word' id='word_1_112' title='bbox 2115 1102 2279 1164; x_wconf 81' lang='lat' dir='ltr'>vobis</span> 
     </span>
     <span class='ocr_line' id='line_1_14' title="bbox 111 1185 2279 1265; baseline 0.001 -19"><span class='ocrx_word' id='word_1_113' title='bbox 111 1188 327 1248; x_wconf 86' lang='lat' dir='ltr'>eadem</span> <span class='ocrx_word' id='word_1_114' title='bbox 353 1205 500 1265; x_wconf 90' lang='lat' dir='ltr'>quae</span> <span class='ocrx_word' id='word_1_115' title='bbox 524 1187 665 1248; x_wconf 89' lang='lat' dir='ltr'>mihi</span> <span class='ocrx_word' id='word_1_116' title='bbox 687 1185 840 1247; x_wconf 91' lang='lat' dir='ltr'>bona</span> <span class='ocrx_word' id='word_1_117' title='bbox 869 1185 1134 1262; x_wconf 84' lang='lat' dir='ltr'>malaque</span> <span class='ocrx_word' id='word_1_118' title='bbox 1165 1203 1299 1256; x_wconf 86' lang='lat' dir='ltr'>esse</span> <span class='ocrx_word' id='word_1_119' title='bbox 1323 1185 1610 1260; x_wconf 80' lang='lat' dir='ltr'>intellexi3</span> <span class='ocrx_word' id='word_1_120' title='bbox 1646 1203 1781 1247; x_wconf 86' lang='lat' dir='ltr'>nam</span> <span class='ocrx_word' id='word_1_121' title='bbox 1810 1187 1971 1248; x_wconf 88' lang='lat' dir='ltr'>idem</span> <span class='ocrx_word' id='word_1_122' title='bbox 2005 1187 2153 1248; x_wconf 88' lang='lat' dir='ltr'>velle</span> <span class='ocrx_word' id='word_1_123' title='bbox 2188 1196 2279 1248; x_wconf 83' lang='lat' dir='ltr'>at-</span> 
     </span>
     <span class='ocr_line' id='line_1_15' title="bbox 113 1269 2277 1353; baseline 0 -20"><span class='ocrx_word' id='word_1_124' title='bbox 113 1291 234 1350; x_wconf 89' lang='lat' dir='ltr'>que</span> <span class='ocrx_word' id='word_1_125' title='bbox 257 1272 416 1332; x_wconf 90' lang='lat' dir='ltr'>idem</span> <span class='ocrx_word' id='word_1_126' title='bbox 434 1273 593 1332; x_wconf 87' lang='lat' dir='ltr'>nolle</span> <span class='ocrx_word' id='word_1_127' title='bbox 618 1289 690 1330; x_wconf 89' lang='lat' dir='ltr'>ea</span> <span class='ocrx_word' id='word_1_128' title='bbox 713 1271 951 1330; x_wconf 89' lang='lat' dir='ltr'>demum</span> <span class='ocrx_word' id='word_1_129' title='bbox 973 1269 1142 1331; x_wconf 75' lang='lat' dir='ltr'>firma</span> <span class='ocrx_word' id='word_1_130' title='bbox 1165 1270 1412 1332; x_wconf 87' lang='lat' dir='ltr'>amicitia</span> <span class='ocrx_word' id='word_1_131' title='bbox 1436 1280 1571 1331; x_wconf 90' lang='lat' dir='ltr'>est.</span> <span class='ocrx_word' id='word_1_132' title='bbox 1597 1271 1714 1330; x_wconf 89' lang='lat' dir='ltr'>Sed</span> <span class='ocrx_word' id='word_1_133' title='bbox 1750 1289 1859 1350; x_wconf 82' lang='lat' dir='ltr'>ego</span> <span class='ocrx_word' id='word_1_134' title='bbox 1897 1291 2046 1353; x_wconf 87' lang='lat' dir='ltr'>quae</span> <span class='ocrx_word' id='word_1_135' title='bbox 2074 1281 2277 1334; x_wconf 89' lang='lat' dir='ltr'>mente</span> 
     </span>
     <span class='ocr_line' id='line_1_16' title="bbox 113 1355 2277 1437; baseline 0.001 -20"><span class='ocrx_word' id='word_1_136' title='bbox 113 1357 330 1435; x_wconf 83' lang='lat' dir='ltr'>agitavi</span> <span class='ocrx_word' id='word_1_137' title='bbox 365 1375 572 1416; x_wconf 86' lang='lat' dir='ltr'>omnes</span> <span class='ocrx_word' id='word_1_138' title='bbox 615 1356 730 1416; x_wconf 88' lang='lat' dir='ltr'>iam</span> <span class='ocrx_word' id='word_1_139' title='bbox 769 1362 937 1416; x_wconf 85' lang='lat' dir='ltr'>antea</span> <span class='ocrx_word' id='word_1_140' title='bbox 979 1355 1194 1416; x_wconf 81' lang='lat' dir='ltr'>divorsi</span> <span class='ocrx_word' id='word_1_141' title='bbox 1238 1355 1501 1417; x_wconf 77' lang='lat' dir='ltr'>audistis·</span> <span class='ocrx_word' id='word_1_142' title='bbox 1566 1356 1833 1437; x_wconf 79' lang='lat' dir='ltr'>Ceterum</span> <span class='ocrx_word' id='word_1_143' title='bbox 1872 1358 2015 1419; x_wconf 90' lang='lat' dir='ltr'>mihi</span> <span class='ocrx_word' id='word_1_144' title='bbox 2050 1358 2112 1417; x_wconf 89' lang='lat' dir='ltr'>in</span> <span class='ocrx_word' id='word_1_145' title='bbox 2146 1358 2277 1419; x_wconf 85' lang='lat' dir='ltr'>dies</span> 
     </span>
     <span class='ocr_line' id='line_1_17' title="bbox 114 1441 2280 1521; baseline 0 -17"><span class='ocrx_word' id='word_1_146' title='bbox 114 1442 308 1521; x_wconf 83' lang='lat' dir='ltr'>magis</span> <span class='ocrx_word' id='word_1_147' title='bbox 341 1441 568 1502; x_wconf 86' lang='lat' dir='ltr'>animus</span> <span class='ocrx_word' id='word_1_148' title='bbox 603 1442 958 1512; x_wconf 83' lang='lat' dir='ltr'>accenditur,</span> <span class='ocrx_word' id='word_1_149' title='bbox 987 1459 1172 1518; x_wconf 91' lang='lat' dir='ltr'>quum</span> <span class='ocrx_word' id='word_1_150' title='bbox 1207 1441 1536 1514; x_wconf 90' lang='lat' dir='ltr'>considero,</span> <span class='ocrx_word' id='word_1_151' title='bbox 1562 1460 1711 1521; x_wconf 90' lang='lat' dir='ltr'>quae</span> <span class='ocrx_word' id='word_1_152' title='bbox 1734 1443 1998 1504; x_wconf 86' lang='lat' dir='ltr'>conditio.</span> <span class='ocrx_word' id='word_1_153' title='bbox 2016 1443 2161 1504; x_wconf 89' lang='lat' dir='ltr'>vitae</span> <span class='ocrx_word' id='word_1_154' title='bbox 2186 1445 2280 1505; x_wconf 90' lang='lat' dir='ltr'>su-</span> 
     </span>
     <span class='ocr_line' id='line_1_18' title="bbox 114 1525 2280 1609; baseline 0 -21"><span class='ocrx_word' id='word_1_155' title='bbox 114 1534 250 1588; x_wconf 85' lang='lat' dir='ltr'>tura</span> <span class='ocrx_word' id='word_1_156' title='bbox 271 1527 364 1600; x_wconf 86' lang='lat' dir='ltr'>sit,</span> <span class='ocrx_word' id='word_1_157' title='bbox 389 1527 502 1588; x_wconf 89' lang='lat' dir='ltr'>nisi</span> <span class='ocrx_word' id='word_1_158' title='bbox 527 1525 894 1606; x_wconf 82' lang='lat' dir='ltr'>nosmetipsi</span> <span class='ocrx_word' id='word_1_159' title='bbox 920 1526 1281 1594; x_wconf 77' lang='lat' dir='ltr'>vindicamus</span> <span class='ocrx_word' id='word_1_160' title='bbox 1306 1527 1369 1588; x_wconf 91' lang='lat' dir='ltr'>in</span> <span class='ocrx_word' id='word_1_161' title='bbox 1390 1527 1737 1588; x_wconf 83' lang='lat' dir='ltr'>libertatem.</span> <span class='ocrx_word' id='word_1_162' title='bbox 1791 1529 1938 1589; x_wconf 91' lang='lat' dir='ltr'>Nam</span> <span class='ocrx_word' id='word_1_163' title='bbox 1964 1536 2280 1609; x_wconf 87' lang='lat' dir='ltr'>postquam</span> 
     </span>
     <span class='ocr_line' id='line_1_19' title="bbox 117 1610 2277 1691; baseline 0.001 -19"><span class='ocrx_word' id='word_1_164' title='bbox 117 1612 455 1691; x_wconf 85' lang='lat' dir='ltr'>respublica</span> <span class='ocrx_word' id='word_1_165' title='bbox 489 1613 552 1674; x_wconf 88' lang='lat' dir='ltr'>in</span> <span class='ocrx_word' id='word_1_166' title='bbox 584 1631 904 1690; x_wconf 86' lang='lat' dir='ltr'>paucorum</span> <span class='ocrx_word' id='word_1_167' title='bbox 939 1610 1265 1690; x_wconf 84' lang='lat' dir='ltr'>potentium</span> <span class='ocrx_word' id='word_1_168' title='bbox 1304 1612 1397 1672; x_wconf 92' lang='lat' dir='ltr'>ius</span> <span class='ocrx_word' id='word_1_169' title='bbox 1436 1621 1607 1690; x_wconf 89' lang='lat' dir='ltr'>atque</span> <span class='ocrx_word' id='word_1_170' title='bbox 1650 1613 1937 1674; x_wconf 87' lang='lat' dir='ltr'>ditionem</span> <span class='ocrx_word' id='word_1_171' title='bbox 1967 1615 2277 1689; x_wconf 87' lang='lat' dir='ltr'>concessit,</span> 
     </span>
     <span class='ocr_line' id='line_1_20' title="bbox 119 1697 2279 1777; baseline 0.001 -19"><span class='ocrx_word' id='word_1_172' title='bbox 119 1715 363 1777; x_wconf 77' lang='lat' dir='ltr'>semper</span> <span class='ocrx_word' id='word_1_173' title='bbox 393 1697 507 1760; x_wconf 90' lang='lat' dir='ltr'>illis</span> <span class='ocrx_word' id='word_1_174' title='bbox 537 1707 728 1776; x_wconf 75' lang='lat' dir='ltr'>regeS‚</span> <span class='ocrx_word' id='word_1_175' title='bbox 765 1698 1096 1760; x_wconf 86' lang='lat' dir='ltr'>tetrarchae</span> <span class='ocrx_word' id='word_1_176' title='bbox 1114 1697 1429 1777; x_wconf 76' lang='lat' dir='ltr'>vectigales</span> <span class='ocrx_word' id='word_1_177' title='bbox 1456 1715 1606 1770; x_wconf 87' lang='lat' dir='ltr'>esse,</span> <span class='ocrx_word' id='word_1_178' title='bbox 1629 1697 1851 1776; x_wconf 80' lang='lat' dir='ltr'>populi,</span> <span class='ocrx_word' id='word_1_179' title='bbox 1878 1699 2145 1760; x_wconf 88' lang='lat' dir='ltr'>nationes</span> <span class='ocrx_word' id='word_1_180' title='bbox 2174 1699 2279 1762; x_wconf 87' lang='lat' dir='ltr'>sti-</span> 
     </span>
     <span class='ocr_line' id='line_1_21' title="bbox 119 1781 2279 1863; baseline 0.001 -19"><span class='ocrx_word' id='word_1_181' title='bbox 119 1785 332 1863; x_wconf 88' lang='lat' dir='ltr'>pendia</span> <span class='ocrx_word' id='word_1_182' title='bbox 365 1785 644 1862; x_wconf 83' lang='lat' dir='ltr'>pendere,</span> <span class='ocrx_word' id='word_1_183' title='bbox 683 1782 861 1844; x_wconf 87' lang='lat' dir='ltr'>ceteri</span> <span class='ocrx_word' id='word_1_184' title='bbox 896 1799 1120 1855; x_wconf 80' lang='lat' dir='ltr'>omneS‚</span> <span class='ocrx_word' id='word_1_185' title='bbox 1159 1781 1404 1856; x_wconf 77' lang='lat' dir='ltr'>strenui,</span> <span class='ocrx_word' id='word_1_186' title='bbox 1440 1782 1600 1856; x_wconf 89' lang='lat' dir='ltr'>boni,</span> <span class='ocrx_word' id='word_1_187' title='bbox 1642 1783 1871 1844; x_wconf 85' lang='lat' dir='ltr'>nobiles</span> <span class='ocrx_word' id='word_1_188' title='bbox 1910 1796 2081 1862; x_wconf 90' lang='lat' dir='ltr'>atque</span> <span class='ocrx_word' id='word_1_189' title='bbox 2108 1786 2279 1862; x_wconf 86' lang='lat' dir='ltr'>igno-</span> 
     </span>
     <span class='ocr_line' id='line_1_22' title="bbox 117 1867 2277 1947; baseline 0 -17"><span class='ocrx_word' id='word_1_190' title='bbox 117 1868 266 1930; x_wconf 87' lang='lat' dir='ltr'>biles</span> <span class='ocrx_word' id='word_1_191' title='bbox 284 1869 492 1946; x_wconf 84' lang='lat' dir='ltr'>vulgus</span> <span class='ocrx_word' id='word_1_192' title='bbox 511 1870 744 1942; x_wconf 82' lang='lat' dir='ltr'>fuimus,</span> <span class='ocrx_word' id='word_1_193' title='bbox 765 1869 892 1930; x_wconf 89' lang='lat' dir='ltr'>sine</span> <span class='ocrx_word' id='word_1_194' title='bbox 911 1868 1112 1946; x_wconf 81' lang='lat' dir='ltr'>gratia,</span> <span class='ocrx_word' id='word_1_195' title='bbox 1131 1867 1262 1930; x_wconf 87' lang='lat' dir='ltr'>sine</span> <span class='ocrx_word' id='word_1_196' title='bbox 1278 1867 1640 1941; x_wconf 80' lang='lat' dir='ltr'>auctoritate,</span> <span class='ocrx_word' id='word_1_197' title='bbox 1666 1868 1738 1928; x_wconf 88' lang='lat' dir='ltr'>iis</span> <span class='ocrx_word' id='word_1_198' title='bbox 1766 1869 2019 1942; x_wconf 84' lang='lat' dir='ltr'>obnoxii,</span> <span class='ocrx_word' id='word_1_199' title='bbox 2044 1870 2277 1947; x_wconf 63' lang='lat' dir='ltr'>quibus3</span> 
     </span>
     <span class='ocr_line' id='line_1_23' title="bbox 121 1954 2279 2035; baseline 0 -19"><span class='ocrx_word' id='word_1_200' title='bbox 121 1956 174 2016; x_wconf 89' lang='lat' dir='ltr'>si</span> <span class='ocrx_word' id='word_1_201' title='bbox 199 1954 532 2035; x_wconf 88' lang='lat' dir='ltr'>respublica</span> <span class='ocrx_word' id='word_1_202' title='bbox 561 1956 792 2030; x_wconf 88' lang='lat' dir='ltr'>valeret,</span> <span class='ocrx_word' id='word_1_203' title='bbox 817 1954 1112 2017; x_wconf 85' lang='lat' dir='ltr'>formidini</span> <span class='ocrx_word' id='word_1_204' title='bbox 1138 1974 1425 2018; x_wconf 78' lang='lat' dir='ltr'>essemus,</span> <span class='ocrx_word' id='word_1_205' title='bbox 1476 1955 1681 2033; x_wconf 81' lang='lat' dir='ltr'>Itaque</span> <span class='ocrx_word' id='word_1_206' title='bbox 1716 1956 1903 2017; x_wconf 89' lang='lat' dir='ltr'>omnis</span> <span class='ocrx_word' id='word_1_207' title='bbox 1943 1956 2139 2034; x_wconf 84' lang='lat' dir='ltr'>gratia,</span> <span class='ocrx_word' id='word_1_208' title='bbox 2211 1976 2279 2017; x_wconf 89' lang='lat' dir='ltr'>o-</span> 
     </span>
     <span class='ocr_line' id='line_1_24' title="bbox 117 1976 2277 2119; baseline 0 -18"><span class='ocrx_word' id='word_1_209' title='bbox 117 2041 318 2115; x_wconf 84' lang='lat' dir='ltr'>tentia‚</span> <span class='ocrx_word' id='word_1_210' title='bbox 359 2042 572 2115; x_wconf 78' lang='lat' dir='ltr'>honoS,</span> <span class='ocrx_word' id='word_1_211' title='bbox 599 2042 828 2107; x_wconf 82' lang='lat' dir='ltr'>divitiae</span> <span class='ocrx_word' id='word_1_212' title='bbox 863 2041 1018 2119; x_wconf 90' lang='lat' dir='ltr'>apud</span> <span class='ocrx_word' id='word_1_213' title='bbox 1055 2040 1185 2101; x_wconf 87' lang='lat' dir='ltr'>illos</span> <span class='ocrx_word' id='word_1_214' title='bbox 1222 2050 1360 2102; x_wconf 89' lang='lat' dir='ltr'>sunt</span> <span class='ocrx_word' id='word_1_215' title='bbox 1386 2050 1486 2102; x_wconf 91' lang='lat' dir='ltr'>aut</span> <span class='ocrx_word' id='word_1_216' title='bbox 1514 2041 1613 2111; x_wconf 84' lang='lat' dir='ltr'>ubi</span> <span class='ocrx_word' id='word_1_217' title='bbox 1652 2041 1732 2103; x_wconf 91' lang='lat' dir='ltr'>illi</span> <span class='ocrx_word' id='word_1_218' title='bbox 1766 2042 1983 2116; x_wconf 86' lang='lat' dir='ltr'>volunt,</span> <span class='ocrx_word' id='word_1_219' title='bbox 2022 1976 2277 2119; x_wconf 53' lang='lat' dir='ltr'>repuflis</span> 
     </span>
    </p>
   </div>
   <div class='ocr_carea' id='block_1_3' title="bbox 120 2126 2384 2299">
    <p class='ocr_par' dir='ltr' id='par_1_4' title="bbox 120 2126 2384 2291">
     <span class='ocr_line' id='line_1_25' title="bbox 120 2126 2384 2206; baseline -0.001 -19"><span class='ocrx_word' id='word_1_220' title='bbox 120 2126 294 2189; x_wconf 88' lang='lat' dir='ltr'>nobis</span> <span class='ocrx_word' id='word_1_221' title='bbox 320 2127 612 2205; x_wconf 86' lang='lat' dir='ltr'>reliquere</span> <span class='ocrx_word' id='word_1_222' title='bbox 635 2126 912 2206; x_wconf 88' lang='lat' dir='ltr'>pericula,</span> <span class='ocrx_word' id='word_1_223' title='bbox 946 2126 1178 2200; x_wconf 86' lang='lat' dir='ltr'>iudicia,</span> <span class='ocrx_word' id='word_1_224' title='bbox 1216 2134 1553 2205; x_wconf 86' lang='lat' dir='ltr'>egestatem.</span> <span class='ocrx_word' id='word_1_225' title='bbox 1612 2127 1775 2199; x_wconf 87' lang='lat' dir='ltr'>Quae</span> <span class='ocrx_word' id='word_1_226' title='bbox 1804 2146 2113 2205; x_wconf 88' lang='lat' dir='ltr'>quousque</span> <span class='ocrx_word' id='word_1_227' title='bbox 2148 2139 2278 2187; x_wconf 82' lang='lat' dir='ltr'>tan·</span> <span class='ocrx_word' id='word_1_228' title='bbox 2382 2154 2384 2185; x_wconf 46' lang='grc' dir='ltr'>ρ</span> 
     </span>
     <span class='ocr_line' id='line_1_26' title="bbox 123 2202 2384 2299; baseline -0 -26"><span class='ocrx_word' id='word_1_229' title='bbox 123 2213 256 2273; x_wconf 89' lang='lat' dir='ltr'>dem</span> <span class='ocrx_word' id='word_1_230' title='bbox 280 2213 576 2299; x_wconf 82' lang='lat' dir='ltr'>patiemini</span> <span class='ocrx_word' id='word_1_231' title='bbox 601 2212 922 2275; x_wconf 82' lang='lat' dir='ltr'>fortissumi</span> <span class='ocrx_word' id='word_1_232' title='bbox 947 2210 1092 2275; x_wconf 76' lang='lat' dir='ltr'>viri?</span> <span class='ocrx_word' id='word_1_233' title='bbox 1131 2231 1331 2273; x_wconf 90' lang='lat' dir='ltr'>nonne</span> <span class='ocrx_word' id='word_1_234' title='bbox 1357 2212 1541 2274; x_wconf 89' lang='lat' dir='ltr'>emori</span> <span class='ocrx_word' id='word_1_235' title='bbox 1566 2231 1675 2291; x_wconf 89' lang='lat' dir='ltr'>per</span> <span class='ocrx_word' id='word_1_236' title='bbox 1698 2212 1967 2273; x_wconf 88' lang='lat' dir='ltr'>virtutem</span> <span class='ocrx_word' id='word_1_237' title='bbox 2000 2219 2276 2291; x_wconf 83' lang='lat' dir='ltr'>praestat,</span> <span class='ocrx_word' id='word_1_238' title='bbox 2382 2202 2384 2240; x_wconf 63' lang='lat'><em>³</em></span> 
     </span>
    </p>
   </div>
   <div class='ocr_carea' id='block_1_4' title="bbox 121 2293 2277 2720">
    <p class='ocr_par' dir='ltr' id='par_1_5' title="bbox 121 2293 2277 2720">
     <span class='ocr_line' id='line_1_27' title="bbox 121 2293 2277 2377; baseline -0 -18"><span class='ocrx_word' id='word_1_239' title='bbox 121 2317 294 2377; x_wconf 89' lang='lat' dir='ltr'>quam</span> <span class='ocrx_word' id='word_1_240' title='bbox 329 2293 502 2359; x_wconf 84' lang='lat' dir='ltr'>vitam</span> <span class='ocrx_word' id='word_1_241' title='bbox 539 2298 812 2359; x_wconf 85' lang='lat' dir='ltr'>miseram</span> <span class='ocrx_word' id='word_1_242' title='bbox 844 2304 1020 2376; x_wconf 88' lang='lat' dir='ltr'>atque</span> <span class='ocrx_word' id='word_1_243' title='bbox 1060 2298 1452 2370; x_wconf 84' lang='lat' dir='ltr'>inhonestam,</span> <span class='ocrx_word' id='word_1_244' title='bbox 1481 2297 1581 2359; x_wconf 87' lang='lat' dir='ltr'>ubi</span> <span class='ocrx_word' id='word_1_245' title='bbox 1606 2297 1829 2357; x_wconf 86' lang='lat' dir='ltr'>alienae</span> <span class='ocrx_word' id='word_1_246' title='bbox 1854 2296 2165 2374; x_wconf 86' lang='lat' dir='ltr'>superbiae</span> <span class='ocrx_word' id='word_1_247' title='bbox 2187 2298 2277 2358; x_wconf 91' lang='lat' dir='ltr'>lu-</span> 
     </span>
     <span class='ocr_line' id='line_1_28' title="bbox 123 2380 2275 2461; baseline 0 -18"><span class='ocrx_word' id='word_1_248' title='bbox 123 2383 308 2444; x_wconf 90' lang='lat' dir='ltr'>dibrio</span> <span class='ocrx_word' id='word_1_249' title='bbox 333 2384 530 2454; x_wconf 85' lang='lat' dir='ltr'>fueris,</span> <span class='ocrx_word' id='word_1_250' title='bbox 566 2402 675 2461; x_wconf 87' lang='lat' dir='ltr'>per</span> <span class='ocrx_word' id='word_1_251' title='bbox 699 2383 956 2443; x_wconf 84' lang='lat' dir='ltr'>dedecus</span> <span class='ocrx_word' id='word_1_252' title='bbox 990 2380 1302 2443; x_wconf 80' lang='lat' dir='ltr'>amittere?</span> <span class='ocrx_word' id='word_1_253' title='bbox 1357 2384 1571 2442; x_wconf 89' lang='lat' dir='ltr'>Verum</span> <span class='ocrx_word' id='word_1_254' title='bbox 1607 2382 1763 2441; x_wconf 87' lang='lat' dir='ltr'>enim</span> <span class='ocrx_word' id='word_1_255' title='bbox 1793 2398 1931 2441; x_wconf 85' lang='lat' dir='ltr'>vero</span> <span class='ocrx_word' id='word_1_256' title='bbox 1965 2401 2073 2459; x_wconf 87' lang='lat' dir='ltr'>pro</span> <span class='ocrx_word' id='word_1_257' title='bbox 2102 2383 2275 2444; x_wconf 90' lang='lat' dir='ltr'>deum</span> 
     </span>
     <span class='ocr_line' id='line_1_29' title="bbox 123 2466 2276 2547; baseline -0.001 -18"><span class='ocrx_word' id='word_1_258' title='bbox 123 2478 296 2547; x_wconf 89' lang='lat' dir='ltr'>atque</span> <span class='ocrx_word' id='word_1_259' title='bbox 330 2467 636 2528; x_wconf 86' lang='lat' dir='ltr'>hominum</span> <span class='ocrx_word' id='word_1_260' title='bbox 657 2468 833 2528; x_wconf 86' lang='lat' dir='ltr'>fidem</span> <span class='ocrx_word' id='word_1_261' title='bbox 866 2468 1104 2528; x_wconf 88' lang='lat' dir='ltr'>victoria</span> <span class='ocrx_word' id='word_1_262' title='bbox 1125 2468 1188 2527; x_wconf 86' lang='lat' dir='ltr'>in</span> <span class='ocrx_word' id='word_1_263' title='bbox 1214 2485 1391 2527; x_wconf 88' lang='lat' dir='ltr'>manu</span> <span class='ocrx_word' id='word_1_264' title='bbox 1414 2466 1587 2527; x_wconf 90' lang='lat' dir='ltr'>nobis</span> <span class='ocrx_word' id='word_1_265' title='bbox 1611 2473 1729 2538; x_wconf 81' lang='lat' dir='ltr'>est3</span> <span class='ocrx_word' id='word_1_266' title='bbox 1766 2466 1919 2545; x_wconf 84' lang='lat' dir='ltr'>viget</span> <span class='ocrx_word' id='word_1_267' title='bbox 1945 2474 2123 2541; x_wconf 80' lang='lat' dir='ltr'>aetaS,</span> <span class='ocrx_word' id='word_1_268' title='bbox 2147 2468 2276 2527; x_wconf 90' lang='lat' dir='ltr'>ani-</span> 
     </span>
     <span class='ocr_line' id='line_1_30' title="bbox 124 2552 2275 2632; baseline 0 -19"><span class='ocrx_word' id='word_1_269' title='bbox 124 2572 252 2615; x_wconf 90' lang='lat' dir='ltr'>mus</span> <span class='ocrx_word' id='word_1_270' title='bbox 281 2553 444 2626; x_wconf 85' lang='lat' dir='ltr'>valet,</span> <span class='ocrx_word' id='word_1_271' title='bbox 481 2560 680 2613; x_wconf 89' lang='lat' dir='ltr'>contra</span> <span class='ocrx_word' id='word_1_272' title='bbox 726 2553 838 2615; x_wconf 88' lang='lat' dir='ltr'>illis</span> <span class='ocrx_word' id='word_1_273' title='bbox 884 2554 1052 2615; x_wconf 85' lang='lat' dir='ltr'>annis</span> <span class='ocrx_word' id='word_1_274' title='bbox 1097 2559 1273 2632; x_wconf 81' lang='lat' dir='ltr'>atque</span> <span class='ocrx_word' id='word_1_275' title='bbox 1318 2552 1528 2614; x_wconf 87' lang='lat' dir='ltr'>divitiis</span> <span class='ocrx_word' id='word_1_276' title='bbox 1568 2552 1761 2613; x_wconf 85' lang='lat' dir='ltr'>omnia</span> <span class='ocrx_word' id='word_1_277' title='bbox 1805 2560 2275 2629; x_wconf 82' lang='lat' dir='ltr'>consenuerunt3</span> 
     </span>
     <span class='ocr_line' id='line_1_31' title="bbox 124 2638 2275 2720; baseline 0 -21"><span class='ocrx_word' id='word_1_278' title='bbox 124 2640 522 2701; x_wconf 90' lang='lat' dir='ltr'>tantummodo</span> <span class='ocrx_word' id='word_1_279' title='bbox 570 2640 804 2719; x_wconf 85' lang='lat' dir='ltr'>incepto</span> <span class='ocrx_word' id='word_1_280' title='bbox 845 2658 996 2720; x_wconf 90' lang='lat' dir='ltr'>opus</span> <span class='ocrx_word' id='word_1_281' title='bbox 1033 2647 1142 2714; x_wconf 89' lang='lat' dir='ltr'>est,</span> <span class='ocrx_word' id='word_1_282' title='bbox 1178 2646 1371 2699; x_wconf 88' lang='lat' dir='ltr'>cetera</span> <span class='ocrx_word' id='word_1_283' title='bbox 1412 2657 1509 2699; x_wconf 88' lang='lat' dir='ltr'>res</span> <span class='ocrx_word' id='word_1_284' title='bbox 1546 2638 1835 2717; x_wconf 76' lang='lat' dir='ltr'>expediet.</span> <span class='ocrx_word' id='word_1_285' title='bbox 1888 2639 2118 2699; x_wconf 89' lang='lat' dir='ltr'>Etenim</span> <span class='ocrx_word' id='word_1_286' title='bbox 2145 2639 2275 2717; x_wconf 90' lang='lat' dir='ltr'>quis</span> 
     </span>
    </p>
   </div>
   <div class='ocr_carea' id='block_1_5' title="bbox 16 2723 2275 2803">
    <p class='ocr_par' dir='ltr' id='par_1_6' title="bbox 16 2723 2275 2803">
     <span class='ocr_line' id='line_1_32' title="bbox 16 2723 2275 2803; baseline -0.002 -14"><span class='ocrx_word' id='word_1_287' title='bbox 16 2786 18 2789; x_wconf 77' lang='grc'>,</span> <span class='ocrx_word' id='word_1_288' title='bbox 126 2726 463 2798; x_wconf 86' lang='lat' dir='ltr'>mortalium,</span> <span class='ocrx_word' id='word_1_289' title='bbox 506 2726 602 2786; x_wconf 88' lang='lat' dir='ltr'>cui</span> <span class='ocrx_word' id='word_1_290' title='bbox 635 2725 794 2787; x_wconf 79' lang='lat' dir='ltr'>virile</span> <span class='ocrx_word' id='word_1_291' title='bbox 823 2725 1126 2803; x_wconf 83' lang='lat' dir='ltr'>ingenium</span> <span class='ocrx_word' id='word_1_292' title='bbox 1153 2725 1329 2798; x_wconf 81' lang='lat' dir='ltr'>inest,</span> <span class='ocrx_word' id='word_1_293' title='bbox 1364 2724 1615 2785; x_wconf 86' lang='lat' dir='ltr'>tolerare</span> <span class='ocrx_word' id='word_1_294' title='bbox 1658 2732 1872 2803; x_wconf 85' lang='lat' dir='ltr'>potest,</span> <span class='ocrx_word' id='word_1_295' title='bbox 1902 2725 2012 2785; x_wconf 90' lang='lat' dir='ltr'>illis</span> <span class='ocrx_word' id='word_1_296' title='bbox 2050 2723 2275 2785; x_wconf 86' lang='lat' dir='ltr'>divitias</span> 
     </span>
    </p>
   </div>
   <div class='ocr_carea' id='block_1_6' title="bbox 129 2810 2275 2889">
    <p class='ocr_par' dir='ltr' id='par_1_7' title="bbox 129 2810 2275 2889">
     <span class='ocr_line' id='line_1_33' title="bbox 129 2810 2275 2889; baseline 0 -21"><span class='ocrx_word' id='word_1_297' title='bbox 129 2826 422 2886; x_wconf 86' lang='lat' dir='ltr'>superare,</span> <span class='ocrx_word' id='word_1_298' title='bbox 450 2829 594 2888; x_wconf 83' lang='lat' dir='ltr'>quas</span> <span class='ocrx_word' id='word_1_299' title='bbox 626 2812 986 2889; x_wconf 80' lang='lat' dir='ltr'>profundant</span> <span class='ocrx_word' id='word_1_300' title='bbox 1023 2811 1086 2871; x_wconf 92' lang='lat' dir='ltr'>in</span> <span class='ocrx_word' id='word_1_301' title='bbox 1124 2811 1481 2874; x_wconf 85' lang='lat' dir='ltr'>exstruendo</span> <span class='ocrx_word' id='word_1_302' title='bbox 1515 2810 1661 2871; x_wconf 86' lang='lat' dir='ltr'>mari</span> <span class='ocrx_word' id='word_1_303' title='bbox 1688 2817 1746 2871; x_wconf 91' lang='lat' dir='ltr'>et</span> <span class='ocrx_word' id='word_1_304' title='bbox 1772 2810 2067 2871; x_wconf 89' lang='lat' dir='ltr'>montibus</span> <span class='ocrx_word' id='word_1_305' title='bbox 2103 2827 2275 2869; x_wconf 86' lang='lat' dir='ltr'>coae-</span> 
     </span>
    </p>
   </div>
   <div class='ocr_carea' id='block_1_7' title="bbox 15 2890 2275 2972">
    <p class='ocr_par' dir='ltr' id='par_1_8' title="bbox 15 2890 2275 2972">
     <span class='ocr_line' id='line_1_34' title="bbox 15 2890 2275 2972; baseline 0.002 -19"><span class='ocrx_word' id='word_1_306' title='bbox 15 2900 32 2917; x_wconf 80' lang='grc'>”</span> <span class='ocrx_word' id='word_1_307' title='bbox 129 2894 390 2972; x_wconf 77' lang='lat' dir='ltr'>quandiS,</span> <span class='ocrx_word' id='word_1_308' title='bbox 433 2896 606 2958; x_wconf 87' lang='lat' dir='ltr'>nobis</span> <span class='ocrx_word' id='word_1_309' title='bbox 641 2916 767 2958; x_wconf 89' lang='lat' dir='ltr'>rem</span> <span class='ocrx_word' id='word_1_310' title='bbox 805 2898 1142 2959; x_wconf 80' lang='lat' dir='ltr'>familiarem</span> <span class='ocrx_word' id='word_1_311' title='bbox 1181 2896 1355 2957; x_wconf 90' lang='lat' dir='ltr'>etiam</span> <span class='ocrx_word' id='word_1_312' title='bbox 1395 2896 1468 2957; x_wconf 90' lang='lat' dir='ltr'>ad</span> <span class='ocrx_word' id='word_1_313' title='bbox 1504 2896 1838 2957; x_wconf 90' lang='lat' dir='ltr'>necessaria</span> <span class='ocrx_word' id='word_1_314' title='bbox 1872 2890 2093 2955; x_wconf 76' lang='lat' dir='ltr'>deese?</span> <span class='ocrx_word' id='word_1_315' title='bbox 2140 2894 2275 2957; x_wconf 89' lang='lat' dir='ltr'>illos</span> 
     </span>
    </p>
   </div>
   <div class='ocr_carea' id='block_1_8' title="bbox 129 2978 2275 3403">
    <p class='ocr_par' dir='ltr' id='par_1_9' title="bbox 129 2978 2275 3403">
     <span class='ocr_line' id='line_1_35' title="bbox 129 2978 2275 3061; baseline 0 -21"><span class='ocrx_word' id='word_1_316' title='bbox 129 2978 290 3040; x_wconf 87' lang='lat' dir='ltr'>binas</span> <span class='ocrx_word' id='word_1_317' title='bbox 325 2986 426 3041; x_wconf 88' lang='lat' dir='ltr'>aut</span> <span class='ocrx_word' id='word_1_318' title='bbox 458 2982 704 3061; x_wconf 89' lang='lat' dir='ltr'>amplius</span> <span class='ocrx_word' id='word_1_319' title='bbox 739 2983 948 3044; x_wconf 86' lang='lat' dir='ltr'>domos</span> <span class='ocrx_word' id='word_1_320' title='bbox 973 2983 1335 3054; x_wconf 85' lang='lat' dir='ltr'>continuare,</span> <span class='ocrx_word' id='word_1_321' title='bbox 1365 2981 1539 3042; x_wconf 89' lang='lat' dir='ltr'>nobis</span> <span class='ocrx_word' id='word_1_322' title='bbox 1562 2981 1745 3043; x_wconf 89' lang='lat' dir='ltr'>larem</span> <span class='ocrx_word' id='word_1_323' title='bbox 1770 2980 2107 3041; x_wconf 82' lang='lat' dir='ltr'>familiarem</span> <span class='ocrx_word' id='word_1_324' title='bbox 2127 3000 2275 3042; x_wconf 87' lang='lat' dir='ltr'>nus-</span> 
     </span>
     <span class='ocr_line' id='line_1_36' title="bbox 131 3064 2275 3146; baseline -0.001 -19"><span class='ocrx_word' id='word_1_325' title='bbox 131 3084 296 3145; x_wconf 86' lang='lat' dir='ltr'>quam</span> <span class='ocrx_word' id='word_1_326' title='bbox 333 3066 514 3127; x_wconf 90' lang='lat' dir='ltr'>ullum</span> <span class='ocrx_word' id='word_1_327' title='bbox 549 3064 726 3129; x_wconf 77' lang='lat' dir='ltr'>esse?</span> <span class='ocrx_word' id='word_1_328' title='bbox 773 3070 966 3141; x_wconf 86' lang='lat' dir='ltr'>Quum</span> <span class='ocrx_word' id='word_1_329' title='bbox 998 3068 1243 3140; x_wconf 86' lang='lat' dir='ltr'>tabulas,</span> <span class='ocrx_word' id='word_1_330' title='bbox 1280 3068 1463 3146; x_wconf 81' lang='lat' dir='ltr'>signa,</span> <span class='ocrx_word' id='word_1_331' title='bbox 1499 3074 1825 3130; x_wconf 81' lang='lat' dir='ltr'>toreumata</span> <span class='ocrx_word' id='word_1_332' title='bbox 1870 3074 2087 3137; x_wconf 87' lang='lat' dir='ltr'>emunt,</span> <span class='ocrx_word' id='word_1_333' title='bbox 2126 3084 2275 3127; x_wconf 88' lang='lat' dir='ltr'>nova</span> 
     </span>
     <span class='ocr_line' id='line_1_37' title="bbox 133 3150 2275 3243; baseline 0 -30"><span class='ocrx_word' id='word_1_334' title='bbox 133 3152 376 3226; x_wconf 85' lang='lat' dir='ltr'>diruunt,</span> <span class='ocrx_word' id='word_1_335' title='bbox 420 3150 530 3212; x_wconf 84' lang='lat' dir='ltr'>alia</span> <span class='ocrx_word' id='word_1_336' title='bbox 565 3152 885 3227; x_wconf 84' lang='lat' dir='ltr'>aedificant,</span> <span class='ocrx_word' id='word_1_337' title='bbox 937 3162 1239 3243; x_wconf 82' lang='lat' dir='ltr'>postremo</span> <span class='ocrx_word' id='word_1_338' title='bbox 1274 3152 1547 3215; x_wconf 82' lang='lat' dir='ltr'>omnibus</span> <span class='ocrx_word' id='word_1_339' title='bbox 1582 3150 1777 3213; x_wconf 89' lang='lat' dir='ltr'>modis</span> <span class='ocrx_word' id='word_1_340' title='bbox 1810 3152 2119 3229; x_wconf 87' lang='lat' dir='ltr'>pecuniam</span> <span class='ocrx_word' id='word_1_341' title='bbox 2154 3161 2275 3213; x_wconf 88' lang='lat' dir='ltr'>tra-</span> 
     </span>
     <span class='ocr_line' id='line_1_38' title="bbox 130 3237 2275 3312; baseline -0.001 -13"><span class='ocrx_word' id='word_1_342' title='bbox 130 3238 286 3312; x_wconf 87' lang='lat' dir='ltr'>hunt,</span> <span class='ocrx_word' id='word_1_343' title='bbox 326 3244 554 3311; x_wconf 82' lang='lat' dir='ltr'>vexant,</span> <span class='ocrx_word' id='word_1_344' title='bbox 600 3246 794 3299; x_wconf 84' lang='lat' dir='ltr'>tamen</span> <span class='ocrx_word' id='word_1_345' title='bbox 846 3257 1078 3301; x_wconf 78' lang='lat' dir='ltr'>summa</span> <span class='ocrx_word' id='word_1_346' title='bbox 1120 3238 1387 3303; x_wconf 87' lang='lat' dir='ltr'>lubidine</span> <span class='ocrx_word' id='word_1_347' title='bbox 1434 3237 1689 3299; x_wconf 86' lang='lat' dir='ltr'>divitias</span> <span class='ocrx_word' id='word_1_348' title='bbox 1708 3253 1845 3299; x_wconf 87' lang='lat' dir='ltr'>suas</span> <span class='ocrx_word' id='word_1_349' title='bbox 1890 3237 2128 3299; x_wconf 85' lang='lat' dir='ltr'>vincere</span> <span class='ocrx_word' id='word_1_350' title='bbox 2168 3255 2275 3298; x_wconf 88' lang='lat' dir='ltr'>ne-</span> 
     </span>
     <span class='ocr_line' id='line_1_39' title="bbox 133 3322 2273 3403; baseline -0 -19"><span class='ocrx_word' id='word_1_351' title='bbox 133 3333 362 3403; x_wconf 88' lang='lat' dir='ltr'>queunt.</span> <span class='ocrx_word' id='word_1_352' title='bbox 406 3325 480 3385; x_wconf 76' lang='lat' dir='ltr'>At</span> <span class='ocrx_word' id='word_1_353' title='bbox 502 3323 679 3385; x_wconf 79' lang='lat' dir='ltr'>nobis</span> <span class='ocrx_word' id='word_1_354' title='bbox 697 3333 786 3387; x_wconf 87' lang='lat' dir='ltr'>est</span> <span class='ocrx_word' id='word_1_355' title='bbox 807 3324 1004 3385; x_wconf 89' lang='lat' dir='ltr'>domi</span> <span class='ocrx_word' id='word_1_356' title='bbox 990 3324 1205 3403; x_wconf 81' lang='lat' dir='ltr'>inopia,</span> <span class='ocrx_word' id='word_1_357' title='bbox 1228 3326 1369 3385; x_wconf 86' lang='lat' dir='ltr'>foris</span> <span class='ocrx_word' id='word_1_358' title='bbox 1394 3342 1493 3385; x_wconf 87' lang='lat' dir='ltr'>aes</span> <span class='ocrx_word' id='word_1_359' title='bbox 1518 3322 1787 3395; x_wconf 87' lang='lat' dir='ltr'>alienum,</span> <span class='ocrx_word' id='word_1_360' title='bbox 1816 3323 1965 3385; x_wconf 90' lang='lat' dir='ltr'>mala</span> <span class='ocrx_word' id='word_1_361' title='bbox 1987 3342 2105 3396; x_wconf 88' lang='lat' dir='ltr'>res,</span> <span class='ocrx_word' id='word_1_362' title='bbox 2132 3340 2273 3400; x_wconf 88' lang='lat' dir='ltr'>spes</span> 
     </span>
    </p>
   </div>
   <div class='ocr_carea' id='block_1_9' title="bbox 133 3408 2275 3489">
    <p class='ocr_par' dir='ltr' id='par_1_10' title="bbox 16 3408 2275 3503">
     <span class='ocr_line' id='line_1_40' title="bbox 133 3408 2275 3489; baseline -0.001 -17.155"><span class='ocrx_word' id='word_1_363' title='bbox 133 3409 300 3471; x_wconf 84' lang='lat' dir='ltr'>multo</span> <span class='ocrx_word' id='word_1_364' title='bbox 335 3409 632 3487; x_wconf 82' lang='lat' dir='ltr'>asperior3</span> <span class='ocrx_word' id='word_1_365' title='bbox 682 3409 934 3487; x_wconf 89' lang='lat' dir='ltr'>denique</span> <span class='ocrx_word' id='word_1_366' title='bbox 979 3410 1120 3488; x_wconf 85' lang='lat' dir='ltr'>quid</span> <span class='ocrx_word' id='word_1_367' title='bbox 1161 3410 1368 3489; x_wconf 86' lang='lat' dir='ltr'>reliqui</span> <span class='ocrx_word' id='word_1_368' title='bbox 1408 3408 1693 3471; x_wconf 86' lang='lat' dir='ltr'>habemus</span> <span class='ocrx_word' id='word_1_369' title='bbox 1732 3416 1964 3487; x_wconf 89' lang='lat' dir='ltr'>praeter</span> <span class='ocrx_word' id='word_1_370' title='bbox 1998 3408 2275 3469; x_wconf 88' lang='lat' dir='ltr'>miseram</span> 
     </span>
    </p>
   </div>
   <div class='ocr_carea' id='block_1_10' title="bbox 137 3491 2273 3575">
    <p class='ocr_par' dir='ltr' id='par_1_11' title="bbox 137 3491 2273 3575">
     <span class='ocr_line' id='line_1_41' title="bbox 137 3491 2273 3575; baseline -0.002 -18"><span class='ocrx_word' id='word_1_371' title='bbox 137 3491 419 3557; x_wconf 75' lang='lat' dir='ltr'>animam?</span> <span class='ocrx_word' id='word_1_372' title='bbox 465 3496 620 3569; x_wconf 84' lang='lat' dir='ltr'>Quin</span> <span class='ocrx_word' id='word_1_373' title='bbox 645 3496 822 3573; x_wconf 75' lang='lat' dir='ltr'>igitur</span> <span class='ocrx_word' id='word_1_374' title='bbox 841 3494 1341 3575; x_wconf 79' lang='lat' dir='ltr'>expergiscimini!</span> <span class='ocrx_word' id='word_1_375' title='bbox 1389 3496 1481 3557; x_wconf 85' lang='lat' dir='ltr'>En</span> <span class='ocrx_word' id='word_1_376' title='bbox 1505 3493 1617 3568; x_wconf 90' lang='lat' dir='ltr'>illa,</span> <span class='ocrx_word' id='word_1_377' title='bbox 1642 3494 1738 3556; x_wconf 85' lang='lat' dir='ltr'>illa</span> <span class='ocrx_word' id='word_1_378' title='bbox 1762 3512 1933 3573; x_wconf 90' lang='lat' dir='ltr'>quam</span> <span class='ocrx_word' id='word_1_379' title='bbox 1958 3511 2138 3571; x_wconf 88' lang='lat' dir='ltr'>saepe</span> <span class='ocrx_word' id='word_1_380' title='bbox 2162 3512 2273 3571; x_wconf 86' lang='lat' dir='ltr'>op-</span> 
     </span>
    </p>
   </div>
  </div>
 </body>
</html>
