2400 3900
139 47 245 115 ae
856 45 921 108 c..
966 46 1360 108 SALLUSTH
1402 22 1639 108 cnisri

160 161 361 236 Itali-ae
396 169 579 230 finem
608 165 847 227 faceret.
892 163 1011 226 Sed
1046 165 1391 244 priusquam
1417 163 1830 228 huiuscemodi
1861 163 1948 225 rei
1975 163 2238 228 initium
2265 183 2356 227 ex

162 251 417 337 pediam,
467 268 651 332 pauca
689 267 871 329 supra
904 259 1187 348 repetam,
1239 271 1356 350 quo
1394 254 1468 313 ad
1501 250 1978 331 cognoscendum
2025 252 2258 313 omnia
2299 252 2356 312 il-

162 341 369 406 lustria
392 337 581 416 magis
606 335 911 416 magisque
932 336 997 398 in
1020 346 1226 417 aperto
1255 337 1392 400 sint.
1444 337 1607 400 Bello
1634 336 1860 398 Punico
1893 339 2200 414 secundo,
2247 357 2354 418 quo

166 428 286 490 dux
320 421 883 502 Carthaginiensium
920 422 1210 488 Hannibal
1249 433 1388 503 post
1420 422 1880 503 magnitudinem
1917 423 2198 486 nominis
2241 425 2354 486 Ro-

164 511 327 576 mani
364 510 563 578 ltaliae
598 527 743 588 opes
780 525 1052 572 maxume
1086 510 1418 584 adtriverat,
1465 509 1778 572 Masinissa
1815 527 1918 570 rex
1955 509 2354 572 Numidarum

167 599 233 662 in
258 596 567 658 amicitiam
590 603 869 674 receptus
896 613 931 654 a
950 592 1016 655 Ρ.
1039 594 1336 674 Scipione,
1367 597 1463 657 cui
1484 604 1694 676 postea
1713 593 1982 659 Africano
2005 613 2352 674 cognomen

168 703 243 746 ex
266 682 475 744 virtute
506 680 627 755 fuit,
663 683 842 744 multa
866 686 927 740 et
954 681 1256 758 praeclara
1291 683 1377 744 rei
1413 682 1674 744 militaris
1703 681 1960 743 facinora
1985 682 2253 756 fecerat,
2293 684 2350 744 oh

166 786 335 852 quae,
360 767 521 830 victis
546 764 1117 845 Carthaginiensibus
1142 774 1203 828 et
1227 778 1400 849 capto
1423 769 1650 841 Susaco,
1675 767 1844 828 cuius
1869 767 1931 828 in
1956 767 2168 828 Africa
2191 787 2352 847 mag-

166 873 314 918 num
348 863 523 934 atque
559 853 677 916 late
709 851 1021 931 imperium
1060 852 1254 927 valuit,
1305 855 1562 934 populus
1598 855 1900 916 Romanus
1935 871 2350 952 quascumque

166 941 332 1014 urbis
358 949 419 1001 et
440 957 617 1018 agros
646 955 825 1000 manu
850 943 1089 1016 ceperat
1108 937 1237 1018 regi
1270 939 1430 1000 dono
1453 939 1634 1002 dedit.
1678 939 1861 1017 Igitur
1885 938 2152 1000 amicitia
2181 941 2349 1002 Masi·
2365 939 2374 948 ”

167 1026 367 1091 nissae
389 1027 555 1089 ‚hona
588 1032 763 1103 atque
788 1023 1039 1086 honesta
1071 1023 1250 1085 nobis
1277 1026 1617 1104 permansit,
1655 1023 1886 1104 imperii
1920 1025 2209 1104 vitaeque
2240 1028 2347 1088 eius

168 1113 305 1176 finis
331 1112 489 1174 idem
508 1109 633 1172 fuit.
678 1109 903 1171 Deinde
923 1109 1167 1190 Micipsa
1191 1110 1346 1172 filius
1372 1129 1620 1188 regnum
1641 1110 1806 1171 solus
1831 1109 2103 1184 obtinuit,
2134 1111 2346 1174 Masta·

169 1197 383 1260 nabale
417 1203 481 1264 et
506 1195 761 1261 Gulussa
794 1195 1073 1258 fratribus
1104 1197 1320 1258 morbo
1356 1196 1704 1278 absumptis.
1754 1196 1810 1258 Is
1847 1196 2266 1260 Adherbalem
2308 1207 2346 1259 et

172 1283 571 1363 Hiempsalem
608 1299 681 1344 ex
726 1301 863 1344 sese
906 1282 1125 1360 genuit,
1178 1283 1656 1362 Iugurthamque,
1711 1282 1894 1344 filium
1933 1282 2348 1346 Mastanabalis

170 1370 384 1444 fratris,
425 1387 603 1448 quem
627 1367 957 1442 Masinissa,
1000 1369 1159 1446 quod
1196 1377 1362 1430 ortus
1399 1389 1472 1430 ex
1508 1368 1832 1431 concubina
1871 1377 2013 1441 erat,
2054 1369 2346 1480 privatum

170 1455 506 1535 reliquerat,
535 1454 745 1516 eodem
772 1454 935 1517 cultu
960 1473 1077 1531 quo
1102 1453 1323 1515 liberos
1347 1474 1494 1516 suos
1515 1455 1679 1516 domi
1700 1451 1920 1516 babuit.

302 1541 463 1620 Cap.
496 1540 589 1601 vl.
647 1538 765 1614 Qui
804 1539 904 1602 ubi
948 1539 1208 1638 primum
1245 1541 1516 1614 adolevit,
1561 1541 1793 1622 pollens
1841 1539 2085 1608 viribus,
2139 1541 2350 1604 decora

172 1626 337 1698 facie,
360 1626 466 1688 sed
486 1625 669 1688 multo
686 1643 955 1693 maxume
972 1625 1209 1704 ingenio
1229 1627 1473 1700 validus,
1499 1645 1620 1688 non
1638 1646 1703 1688 se
1720 1626 1866 1686 luxu
1886 1643 2083 1704 neque
2104 1625 2350 1689 inertiae

174 1712 679 1792 corrumpendum
708 1711 887 1784 dedit,
926 1713 1052 1785 sed,
1078 1713 1164 1773 uti
1187 1731 1320 1774 mos
1343 1713 1534 1792 gentis
1559 1713 1712 1777 illius
1739 1721 1848 1788 est,
1877 1712 2170 1790 equitare,
2195 1714 2349 1776 iacu-

174 1799 299 1872 lari,
340 1816 521 1862 cursu
544 1813 681 1860 cum
712 1796 1051 1876 aequalibus
1081 1801 1326 1871 certare,
1356 1809 1416 1860 et
1441 1817 1626 1878 quum
1644 1797 1840 1860 omnis
1867 1796 2053 1876 gloria
2078 1801 2349 1870 anteiret,

174 1884 447 1946 omnibus
473 1891 671 1942 tamen
700 1899 875 1942 carus
902 1901 1071 1957 esse3
1110 1884 1185 1943 ad
1227 1885 1343 1944 hoc
1376 1884 1656 1965 pleraque
1681 1893 1948 1982 tempora
1977 1883 2038 1943 in
2077 1888 2348 1949 venando

174 1987 371 2047 agere,
408 1969 645 2033 leonem
666 1973 843 2048 atque
870 1967 1009 2029 alias
1041 1970 1197 2029 feras
1224 1971 1452 2049 primus
1479 1981 1577 2033 aut
1607 1972 1666 2032 in
1695 1970 1897 2050 primis
1921 1969 2136 2046 ferire3
2175 1974 2351 2051 pluri-

172 2073 341 2117 mum
371 2056 565 2115 facere
604 2061 665 2115 et
694 2054 1043 2115 minumum.
1053 2053 1190 2153 ipse·
1211 2056 1289 2117 de
1314 2074 1380 2117 se
1404 2056 1586 2136 loqui.
1633 2056 1860 2129 Quibus
1893 2055 2078 2117 rebus
2105 2055 2254 2119 Mici
2258 2074 2370 2140 psa*

174 2140 409 2203 tametsi
443 2138 607 2204 initio
645 2139 836 2201 laetus
872 2141 1063 2201 fuerat
1102 2141 1464 2205 existumans
1503 2142 1776 2205 viruitem
1810 2142 2132 2221 Iugurthae
2171 2162 2349 2225 regno

180 2246 289 2290 suo
318 2227 539 2307 gloriae
572 2227 719 2301 fore,
758 2234 957 2288 tamen
982 2236 1296 2307 postquam
1320 2228 1620 2291 hominem
1655 2228 2111 2303 adulescentem,
2157 2242 2349 2293 exacta

180 2332 289 2376 sua
326 2320 516 2377 aetate
560 2323 623 2375 et
652 2313 851 2395 parvis
888 2312 1111 2389 liberis,
1162 2314 1350 2395 magis
1383 2314 1692 2395 magisque
1737 2332 2008 2375 crescere
2053 2314 2348 2397 intellegit,

178 2400 565 2463 vehementer
606 2419 677 2463 eo
712 2400 951 2479 negotio
988 2410 1292 2481 permotus
1323 2403 1504 2465 multa
1535 2420 1672 2463 cum
1705 2400 1900 2462 animo
1929 2418 2038 2463 suo
2063 2402 2350 2465 volvebat,

180 2484 472 2547 Terrebat
503 2502 639 2547 eum
676 2493 881 2549 natura
918 2488 1249 2549 mortalium
1279 2489 1446 2551 avida
1484 2487 1716 2569 imperii
1753 2496 1813 2549 et
1835 2504 2124 2567 praeceps
2153 2490 2235 2551 ad
2268 2510 2350 2551 ex-

181 2570 463 2649 plendam
486 2570 668 2631 animi
699 2571 1051 2650 cupidinem,
1074 2582 1380 2652 praeterea
1401 2573 1814 2657 opportunitas
1839 2588 2101 2653 suaeque
2127 2582 2194 2635 et
2219 2576 2347 2639 libe-

177 2674 383 2719 rorum
407 2655 629 2729 aetatis,
666 2674 818 2734 quae
842 2656 1017 2717 etiam
1040 2658 1357 2723 mech'ocris
1383 2661 1538 2721 viros
1561 2679 1672 2740 spe
1699 2660 1956 2741 praedae
1977 2668 2348 2725 transvorsos

186 2742 321 2823 agit,
356 2743 433 2807 ad
470 2742 589 2808 hoo
606 2742 801 2805 studia
826 2741 1208 2805 Numidarum
1241 2745 1304 2807 in
1339 2746 1676 2825 Iugurtham
1714 2762 1982 2820 accensa,
2023 2764 2096 2807 ex
2119 2748 2349 2826 quibus

181 2830 233 2891 si
250 2831 427 2896 talem
448 2828 638 2893 virum
658 2827 813 2891 dolis
827 2828 1237 2905 interfecisset,
1266 2849 1342 2893 ne
1365 2850 1480 2910 qua
1495 2832 1706 2897 seditio
1727 2840 1826 2894 aut
1843 2831 2064 2894 bellum
2083 2832 2348 2908 oriretur

182 2916 393 2982 anxius
418 2922 564 2981 erat.

306 3003 473 3083 Cap.
500 3000 624 3063 VH.
667 3000 773 3065 flia
798 3000 1234 3065 difficultatibus
1257 3002 1689 3065 circumventus
1707 3000 1806 3063 ubl
1831 3002 2004 3065 videt.
2029 3018 2230 3082 neque
2256 3024 2352 3087 per

184 3086 303 3147 vim
337 3106 535 3167 neque
574 3086 804 3149 insidiis
838 3087 1091 3167 opprimi
1126 3107 1307 3169 posse
1342 3090 1644 3151 hominem
1670 3096 1787 3149 tam
1819 3095 2135 3168 acceptum
2161 3108 2352 3172 popu-

184 3171 425 3245 laribus,
468 3174 631 3253 quod
667 3178 794 3235 erat
830 3172 1107 3253 iugurtha
1142 3192 1319 3237 manu
1358 3182 1665 3256 promptus
1701 3185 1760 3236 et
1801 3176 2089 3259 adpetens
2133 3176 2374 3253 gloriae

184 3257 466 3330 militaris,
500 3260 703 3326 statuit
716 3278 855 3321 ,eum
882 3260 1175 3322 obiectare
1197 3262 1472 3341 periculis
1507 3270 1565 3323 et
1601 3280 1672 3323 eo
1695 3262 1876 3321 modo
1904 3262 2200 3322 fortunam
2223 3273 2373 3325 ten

182 3350 327 3405 tare.
354 3344 540 3423 Igitur
554 3342 711 3405 bello
730 3346 1082 3408 Numantino
1102 3346 1344 3429 Micipsa
1365 3366 1546 3429 quum
1563 3348 1782 3429 populo
1801 3346 2071 3408 Romano
2091 3350 2351 3427 equitum

186 3435 361 3509 atque
382 3428 647 3527 peditum
670 3432 879 3495 auxilia
902 3432 1175 3507 mitteret,
1203 3451 1449 3515 sperans
1473 3437 1564 3496 vel
1585 3430 1934 3495 ostentando
1955 3432 2232 3495 virtutem
2263 3436 2374 3499 vel

186 3512 449 3581 hostium
474 3514 711 3579 saevitia
736 3517 902 3579 facile
923 3536 1083 3580 eum
1090 3536 1454 3597 occasurum,
1479 3518 1761 3602 praefecit
1783 3516 2070 3591 Numidis,
2115 3538 2272 3650 quos
2296 3516 2373 3583 in
