2400 3900
628 65 838 126 BELL.
884 63 1240 127 IUGURTH.
1286 83 1338 130 c.
1365 63 1652 130 184-21.
1813 17 1832 22 -
2133 65 2220 130 45

50 183 397 264 accepimus
422 183 631 262 partim
656 183 719 243 in
740 185 1001 261 tuguriis,
1038 184 1183 244 alios
1206 183 1480 245 incultius
1501 203 1676 268 vagos
1696 185 1932 266 agitare,
1961 192 2099 265 post
2123 203 2227 248 eos

52 269 381 349 Aethiopas
418 287 573 344 esse,
611 269 747 330 dein
783 270 913 330 loca
947 279 1152 333 exusta
1185 269 1328 330 solis
1361 271 1686 334 ardoribus.
1733 273 1916 352 Igitur
1945 271 2102 332 bello
2127 273 2230 334 Iu-

52 355 339 436 gurthino
373 355 670 434 pleraque
714 373 786 415 ex
822 355 1057 416 Punicis
1108 355 1328 434 oppida
1381 363 1438 418 et
1470 356 1602 418 finis
1639 359 2227 438 Carthaginiensium,

52 461 217 520 quos
242 442 585 502 novissume
614 440 959 514 habuerant,
986 441 1242 520 populus
1268 441 1570 504 Romanus
1594 459 1702 520 per
1722 447 2096 523 magistratus
2119 445 2230 504 ad—

52 527 449 602 ministrabat,
484 528 827 588 Getulorum
862 545 1075 604 magna
1108 544 1272 605 pars
1273 532 1332 586 et
1356 526 1642 589 Numidae
1673 548 1864 608 usque
1901 534 1974 592 ad
2005 533 2226 592 flumen

50 614 397 676 Mulucham
434 613 545 674 sub
580 613 861 691 Iugurtha
892 621 1077 684 erant,
1115 611 1332 672 Mauris
1377 613 1652 675 omnibus
1687 633 1792 675 rex
1813 617 2081 679 Bocchus
2113 617 2252 676 im·—

50 699 365 780 pen-itabat⁷
400 706 635 778 praeter
666 715 887 758 nomen
921 705 1114 758 cetera
1150 697 1390 781 ignarus
1422 699 1625 780 populi
1667 699 1933 773 Romani,
1969 704 2226 782 itemque

50 785 238 848 nohis
260 802 455 864 neque
476 781 635 844 hello
667 801 862 862 nequa
884 801 1031 863 pace
1050 790 1218 846 antea
1239 785 1532 862 cognitus.
1575 786 1660 846 De
1688 785 1880 846 Africa
1905 795 1963 848 et
1988 788 2112 850 eius
2131 789 2227 850 in-

49 870 207 933 colis
230 871 305 932 ad
328 867 825 930 necessitudinem
846 869 934 930 rei
958 869 1099 930 satis
1123 869 1362 932 dictum.

192 956 355 1035 Cap.
390 955 517 1016 XX.
568 954 889 1034 Postquam
921 955 1105 1016 diviso
1138 975 1326 1034 regno
1357 956 1530 1034 legati
1569 957 1759 1020 Africa
1793 957 2124 1029 decessere,
2167 965 2229 1020 et
2347 999 2350 1006 -

48 1042 339 1119 Iugurtha
380 1050 585 1103 contra
638 1043 909 1103 timorem
954 1041 1133 1103 animi
1176 1042 1438 1122 praemia
1485 1041 1724 1104 sceleris
1773 1043 2047 1121 adeptum
2093 1059 2229 1104 sese

52 1127 237 1198 videt,
275 1137 495 1190 certum
530 1135 717 1201 ratus,
764 1129 933 1206 quod·
956 1145 1029 1187 ex
1062 1127 1264 1188 amicis
1291 1127 1453 1206 apud
1489 1127 1859 1190 Numantiam
1902 1136 2227 1206 acceperat,

54 1213 261 1274 omnia
292 1213 515 1274 Romae
554 1212 777 1274 venalia
814 1230 979 1286 esse3
1020 1211 1193 1275 sim-11
1224 1219 1285 1272 et
1317 1211 1552 1274 illerum
1581 1213 2094 1292 pollicitationibus
2127 1231 2226 1274 ac-

53 1317 298 1370 census,
336 1315 487 1376 quos
512 1295 709 1378 paullo
734 1304 872 1357 ante
902 1297 1250 1359 uulneribus
1271 1297 1618 1378 expleverat,
1641 1299 1704 1360 in
1729 1317 1974 1379 regnum
2001 1299 2228 1359 Adher-

54 1384 209 1446 balis
246 1385 509 1446 animum
544 1383 815 1444 intendit.
860 1383 997 1462 lpse
1018 1401 1169 1458 acer,
1205 1383 1543 1457 befficosus,
1579 1397 1638 1446 at
1663 1386 1734 1461 is,
1777 1405 1950 1465 quem
1974 1385 2226 1464 petebat.

54 1469 313 1548 quietus,
354 1468 621 1542 imbellis,
670 1469 901 1550 placido
938 1469 1195 1548 ingenio,
1239 1479 1610 1550 opportunus
1647 1471 1909 1544 iniuriae,
1960 1479 2228 1532 metuens

55 1554 249 1632 magis
286 1571 462 1633 quam
488 1556 855 1621 metuendus.
898 1555 1084 1633 Igitur
1106 1573 1176 1620 ex
1201 1555 1528 1635 improviso
1553 1557 1683 1620 finis
1709 1556 1836 1618 eius
1863 1575 1994 1618 cum
2019 1575 2230 1656 magna

21 1689 26 1694 .
56 1659 244 1702 manu
266 1639 503 1713 invadit,
542 1640 759 1702 multos
786 1640 1047 1702 mortalis
1078 1659 1210 1702 cum
1239 1659 1458 1719 pecore
1483 1650 1656 1720 atque
1681 1641 1789 1702 alia
1815 1644 2034 1720 praeda
2055 1643 2228 1722 capit,

58 1725 329 1787 aedificia
367 1725 660 1798 incendit,
704 1727 981 1805 pleraque
1027 1724 1157 1786 loca
1196 1725 1484 1788 hostiliter
1520 1745 1654 1787 cum
1689 1728 1946 1807 equitatu
1981 1725 2228 1801 accedit,

58 1812 283 1872 deinde
318 1829 455 1871 cum
488 1810 651 1870 omni
682 1811 1051 1872 multitudine
1084 1811 1146 1871 in
1180 1827 1431 1890 regnum
1473 1830 1644 1873 suum
1672 1813 1976 1885 convertit,
2013 1814 2231 1874 existu-
2360 1845 2364 1854 ·

59 1916 235 1959 mans
268 1895 661 1958 Adherbalem
695 1896 905 1957 dolore
940 1903 1272 1976 permotum
1309 1896 1550 1959 iniurias
1589 1915 1728 1959 suas
1763 1916 1939 1960 manu
1973 1897 2231 1959 vindiea-

60 1992 283 2054 turum‚
331 1999 579 2061 eamque
612 2000 737 2043 rem
777 1982 930 2043 belli·
952 2000 1220 2044 caussam
1255 1985 1400 2071 fore,
1469 1987 1541 2044 At
1577 1984 1690 2057 ilie,
1737 1985 1898 2063 quod
1925 1998 2124 2063 'neque
2161 2002 2230 2045 se

56 2085 269 2152 parem
302 2067 479 2129 armis
516 2067 901 2131 existumabat
937 2077 999 2130 et
1031 2068 1280 2129 amicitia
1319 2070 1520 2149 populi
1543 2070 1792 2131 Romani
1813 2070 2018 2149 ‘magis
2053 2088 2228 2149 quam

56 2153 331 2220 Numidis
350 2154 535 2215 fretus
556 2164 699 2228 erat,
722 2155 949 2233 legatos
964 2155 1040 2215 ad
1058 2152 1396 2233 Iugurtham
1415 2156 1487 2216 de
1500 2155 1732 2215 ‘iniuriis
1753 2165 2022 2233 questum
2043 2156 2230 2228 misit3
2319 2186 2333 2197 ·

59 2242 165 2323 qui
202 2240 435 2302 tametsi
462 2241 888 2301 contumeliosa
918 2240 1071 2301 dicta
1096 2242 1432 2312 retulerant,
1461 2241 1626 2318 prius
1649 2248 1848 2299 tamen
1885 2240 2078 2301 omnia
2111 2240 2232 2319 pati

60 2326 343 2399 decrevit,
370 2342 545 2405 quam
570 2325 785 2385 bellum
810 2343 1065 2399 sumere,
1092 2326 1228 2405 <plia
1255 2332 1538 2387 tentatum
1559 2333 1729 2385 antea
1753 2343 1928 2386 secus
1955 2333 2230 2387 cesserat.

58 2414 271 2491 Neque
290 2430 363 2471 eo
380 2410 569 2487 magis
588 2409 805 2489 cupido
818 2410 1133 2489 Iugurthae
1152 2410 1537 2483 minuebatur,
1551 2410 1882 2491 quippequi
1897 2418 2085 2479 totum
2100 2411 2230 2472 eius

58 2514 315 2575 regnum
332 2496 527 2556 animo
545 2495 659 2557 iam
679 2496 995 2559 invaserat.
1040 2496 1384 2574 Itaquenon
1403 2495 1486 2557 uti
1510 2503 1680 2556 antea
1699 2512 1838 2557 cum
1861 2496 2231 2575 praedatoria

58 2600 265 2654 manu,
318 2582 425 2641 sed
464 2598 677 2659 magno
726 2580 984 2643 exercitu
1028 2591 1368 2661 comparato
1416 2581 1634 2643 bellum
1681 2599 1886 2661 geram
1935 2582 2132 2661 coepit
2171 2591 2233 2645 et

58 2674 273 2826 3133?
286 2667 2234 2833 ξζιῖῗ,ἓξὲξ’ἱῖιΐέῖἓιᾞὲἶῗῖἔιιῗέξῖωιέἲιῗιΒξὶξίξί*

60 2856 195 2905 rem
216 2856 291 2898 au
333 2857 450 2899 ere.

200 2856 359 3002 (ἕειῗι.
384 2924 537 2985 XXI.
577 2924 871 2986 Adherbal
907 2924 1007 2985 ubi
1031 2924 1332 3002 intellegit,
1371 2940 1442 2983 eo
1463 2938 1830 3002 processum,
1863 2920 1970 2981 uti
1956 2942 2234 3023 regnum

64 3021 171 3075 aut
202 3008 654 3087 relinquendum
684 3020 846 3071 esset
876 3016 977 3072 aut
1008 3010 1185 3073 armis
1225 3009 1617 3079 retinendum,
1653 3006 1990 3067 necessa-io
2031 3012 2236 3092 copias

66 3104 239 3179 parat
274 3104 355 3155 et
374 3095 691 3171 Iugurthae
729 3092 935 3157 eburius
974 3091 1262 3174 procedit.
1331 3094 1567 3155 Interim
1605 3092 1765 3157 haud
1794 3098 1987 3177 longe
2023 3116 2055 3159 a
2087 3095 2233 3159 mari

68 3202 259 3265 prope
298 3180 511 3243 Cirtam
549 3179 829 3259 oppidum
858 3180 1161 3261 utriusque
1195 3179 1484 3240 exereitus
1518 3182 1809 3256 consedit,
1855 3192 1914 3244 ot
1951 3184 2086 3263 quia
2119 3183 2236 3245 diei

70 3278 395 3333 extremum
423 3273 563 3341 erat,
590 3266 876 3346 praelium
890 3283 1011 3326 non
1032 3268 1350 3345 inceptum.
1389 3264 1514 3325 Sed
1541 3266 1646 3329 ubi
1669 3269 2018 3350 plerumque
2042 3270 2234 3331 noctis

60 3354 366 3436 processit
396 3353 657 3415 obscure
692 3352 989 3413 etiamtum
1016 3352 1254 3426 lumine,
1295 3350 1509 3412 milites
1533 3351 1862 3449 Iugurthini
1897 3358 2068 3437 signo
2093 3356 2230 3414 dato

20 3482 25 3491 -
75 3446 267 3502 castra
292 3438 546 3501 hostium
572 3438 882 3514 inuadunt,
905 3436 1307 3502 semisomnos
1332 3440 1561 3539 partim,
1584 3432 1730 3503 alios
1761 3458 1921 3503 arma
1944 3440 2232 3503 sumentis

65 3526 271 3603 fugant
290 3523 691 3605 funduntque,
715 3525 1007 3587 Adherbal
1027 3540 1166 3589 eum
1182 3526 1388 3607 paucis
1411 3526 1702 3607 equitibus
1721 3528 1937 3593 cirtam
1955 3526 2232 3607 profugit,
