2400 3900
186 45 270 110 30
880 43 941 105 G.
967 39 1380 104 ‘SALLUSTn
1421 41 1663 104 CRISPI
1835 78 1842 86 ·

192 167 373 228 altero
396 164 564 224 malis
589 161 909 243 pmicies3
944 162 1103 224 illius
1126 162 1392 236 facilitas,
1425 161 1604 222 huius
1619 161 1954 222 constantia
1979 160 2284 224 laudabat

189 253 503 314 Postremo
530 250 745 310 Caesar
764 249 825 307 in
861 249 1119 309 animum
1152 248 1458 310 induxerat
1487 247 1768 321 laborare,
1806 247 2058 328 vigilare,
2097 265 2278 327 nego

190 337 513 398 amicorum
532 335 791 394 intentus
812 352 917 395 sua
936 336 1268 414 neglegere,
1281 334 1422 394 nihil
1437 333 1732 411 denegare
1751 335 1909 412 quod
1929 334 2088 394 dono
2112 333 2272 414 dign

194 429 372 492 esset,
398 420 507 480 sibi
526 437 803 498 magnum
825 420 1160 500 imperium,
1181 420 1520 493 exercitum,
1541 420 1760 484 bellum
1773 437 1990 480 novum
2011 420 2294 499 exoptab

194 508 295 569 ubi
310 506 490 568 virtus
514 506 833 569 enitescere
858 513 1081 586 posset.
1126 509 1201 568 At
1219 507 1421 568 Catoni
1443 505 1704 566 studium
1727 505 2064 578 modestiae,
2095 506 2352 588 decor-iil⁴

194 594 303 654 sed
326 610 595 657 maxume
614 593 939 654 severitatis
956 600 1101 652 erat.
1145 593 1279 654 Non
1305 592 1512 654 divitiis
1535 591 1862 653 cumdivite
1885 609 2078 670 neque
2099 585 2352 668 factioni

194 697 329 741 cum
358 677 627 753 factiose,
654 681 759 740 sed
788 695 919 740 cum
946 686 1189 738 strenuo
1215 680 1441 754 virtute,
1480 695 1615 740 cum
1637 677 1910 738 modesto
1925 674 2182 764 pudore,
2231 697 2270 740 c

192 765 507 826 innocente
543 763 895 826 abstinentia
926 763 1214 838 certabat3
1261 783 1394 826 esse
1433 781 1605 843 quam
1631 764 1818 825 -videri
1842 764 2036 824 bonus
2063 764 2354 872 malebat,

192 851 276 912 ita
298 869 416 930 quo
444 850 641 914 minus
660 850 901 930 petebat
920 849 1166 926 gloriam
1188 865 1262 908 eo
1285 851 1468 928 magis
1491 850 1652 910 illum
1677 849 2052 929 sequebatur.

320 938 408 999 Ca
417 956 489 1016 p
512 937 629 998 LV.
684 937 1022 1013 Postquam,
1067 943 1152 997 ut·
1168 935 1304 1009 dixi,
1347 937 1600 996 Senatus
1631 935 1694 995 in
1729 935 1962 996 Catonis
1999 937 2355 1004 sententiani

192 1023 485 1095 discessit,
514 1022 733 1084 Consul
758 1028 1065 1101 optumum
1084 1023 1240 1082 sactu
1263 1029 1443 1094 ratus,
1471 1027 1704 1080 noctem
1727 1039 1878 1100 quae
1901 1021 2158 1082 instabat
2190 1025 2355 1083 ante·

190 1127 423 1189 capere,
458 1125 535 1168 m
565 1107 709 1186 quid
737 1125 807 1168 eo
834 1109 1025 1186 spatio
1052 1116 1385 1182 novaretur,
1425 1105 1786 1168 Triumviros
1811 1123 1960 1185 quae
1990 1105 2355 1186 suppliciunt

192 1192 526 1274 postulabat
572 1209 779 1271 parare
814 1194 1008 1269 iubet3
1050 1193 1197 1274 ipse,
1235 1192 1528 1273 dispositis
1565 1191 1890 1273 praesidiis,
1938 1193 2268 1254 Lentulum
2307 1193 2357 1266 ia}

196 1297 491 1341 carcerem
528 1278 797 1354 dedueit3
836 1277 994 1340 idem
1028 1280 1093 1340 fit
1126 1281 1336 1340 ceteris
1372 1297 1478 1360 per
1507 1279 1834 1340 Praetores.
1887 1275 2046 1338 Est
2028 1297 2090 1338 ιιι
2119 1297 2350 1340 carcere

190 1366 378 1437 lectis,
400 1364 558 1442 quod
576 1363 907 1426 Tullianum
930 1365 1277 1444 appellatur,
1299 1365 1403 1426 ubi
1431 1365 1748 1444 paullulum
1773 1362 2115 1426 ascenderis
2139 1366 2222 1425 ad
2246 1367 2350 1425 lae-

192 1467 343 1524 vam,
370 1448 596 1510 circiter
615 1449 925 1511 duodecim
944 1450 1129 1529 pedes
1148 1451 1313 1516 humi
1332 1451 1671 1529 depressus.
1714 1448 2156 1511 Eum-muniunt
2183 1452 2349 1512 undi-

194 1554 313 1616 que
331 1534 583 1614 parietes
596 1543 775 1615 atque
790 1536 1036 1615 insuper
1052 1550 1282 1600 camera
1300 1535 1543 1616 lapideis
1563 1535 1881 1598 fornicibus
1899 1535 2113 1610 iuncta,
2133 1539 2250 1597 sed
2273 1538 2348 1598 in-

196 1621 371 1695 cultu,
401 1621 683 1697 tenebris,
714 1623 901 1684 odore
921 1620 1095 1684 l'oeda
1120 1629 1292 1702 atque
1315 1620 1586 1683 terribilis
1613 1621 1740 1683 eius
1770 1620 1946 1682 facies
1973 1627 2083 1682 est.
2127 1621 2196 1682 In
2228 1641 2348 1684 eum

103 1704 108 1710 ’
194 1707 393 1770 locum
418 1717 729 1790 postquam
748 1708 1041 1770 demissus
1070 1717 1158 1772 est
1175 1709 1476 1783 Lentulus,
1501 1707 1758 1770 vindices
1781 1723 1978 1768 rerum
1990 1707 2347 1786 capitalium

196 1794 411 1874 quihus
441 1804 821 1875 praeceptum
848 1801 988 1868 erat,
1014 1795 1228 1873 laqueo
1253 1795 1448 1874 gulam
1472 1796 1718 1871 fregere.
1762 1793 1846 1854 Ita
1863 1793 1960 1854 ille
1983 1791 2274 1872 patricius
2293 1813 2348 1854 ex

198 1889 373 1960 gente
420 1880 761 1942 clarissuma
808 1880 1228 1955 Corneliorum,
1285 1879 1383 1962 qui
1421 1879 1730 1942 consulare
1773 1879 2087 1960 imperium
2133 1879 2348 1941 Romae

196 1967 499 2039 habuerat,
536 1966 778 2045 dignum
802 1966 1067 2029 moribus
1092 1929 1378 2045 factisque
1403 1967 1526 2030 suis
1549 1966 1768 2028 exitum
1793 1966 1943 2027 vitae
1967 1966 2212 2027 invenit.
2277 1969 2346 2029 De

194 2052 483 2129 Cethego,
540 2052 794 2127 Statilio,
850 2052 1125 2126 Gabinio,
1182 2052 1471 2132 Goepario
1513 2052 1722 2115 eodem
1771 2049 1950 2113 modo
2000 2052 2346 2163 supplicium

198 2146 497 2217 sumptum
526 2149 635 2200 est.

324 2224 659 2303 Cap.LV1.
712 2224 865 2285 Dum
907 2241 977 2285 ea
1005 2224 1227 2285 Romae
1261 2229 1558 2300 geruntur,
1597 2222 1837 2283 Catilina
1871 2240 1943 2282 ex
1978 2222 2139 2283 omni
2167 2225 2347 2305 eopia,

198 2322 371 2388 quam
396 2317 454 2373 et
477 2312 603 2391 ipae
628 2310 954 2373 adduxerat
972 2316 1031 2371 et
1050 2310 1296 2371 Manlius
1315 2308 1616 2381 babuerat,
1642 2310 1788 2369 duas
1807 2308 2070 2387 legiones
2090 2308 2346 2381 instituit,

196 2396 471 2456 cobortes
499 2414 605 2475 pro
630 2415 877 2458 numero
903 2398 1149 2459 militum
1189 2396 1472 2475 complet3
1507 2394 1737 2469 deinde,
1769 2403 1835 2457 ut
1865 2394 2114 2477 quisque
2143 2396 2346 2458 volun-

198 2481 379 2541 tarius
420 2490 520 2542 aut
563 2500 633 2543 ex
674 2483 851 2545 sociis
875 2482 934 2543 in
968 2491 1155 2545 eastra
1180 2489 1438 2555 venerat,
1488 2482 1807 2559 aequaliter
1843 2478 2244 2556 distribuerat,
2292 2502 2347 2542 ae

196 2566 358 2627 brevi
382 2566 571 2643 spatio
596 2567 858 2644 legiones
874 2586 1124 2630 numero
1140 2531 1448 2628 hominum
1475 2568 1823 2646 expleverat,
1849 2584 2030 2645 quum
2047 2564 2213 2626 initio
2239 2588 2346 2629 non

196 2650 453 2741 amplius
492 2652 727 2714 duobus
768 2649 1003 2712 milibus
1046 2652 1368 2713 habuisset
1429 2652 1548 2712 Sed
1607 2670 1676 2713 ex
1721 2652 1882 2713 omni
1915 2651 2084 2732 copia
2123 2651 2348 2715 circiter

195 2756 334 2818 pars
372 2714 573 2817 quarta
612 2748 737 2798 erat
768 2736 1115 2799 militaribus
1152 2736 1333 2798 armis
1365 2737 1677 2812 instructa3
1725 2738 1922 2811 ceteri,
1961 2744 2026 2799 ut
2044 2753 2348 2819 quemque

196 2839 371 2885 casus
398 2832 740 2899 amaverat,
778 2840 989 2903 sparos
1026 2832 1127 2886 aut
1148 2824 1408 2897 lanceas,
1446 2823 1539 2885 alii
1571 2829 1916 2903 praeacutas
1944 2824 2125 2885 sudes
2151 2835 2348 2902 porta-

196 2910 353 2971 bant.
398 2911 518 2972 Sed
540 2918 853 2991 postquam
874 2909 1161 2973 Antonius
1176 2926 1314 2972 cum
1335 2909 1588 2971 exercitu
1606 2908 1969 2983 adventabat,
1987 2906 2226 2971 Catilina
2248 2930 2350 2991 per

196 3002 427 3057 montes
449 2996 561 3057 iter
581 2999 792 3070 facere,
828 2997 1006 3058 modo
1036 2998 1109 3058 ad
1142 2996 1350 3058 urbem
1371 2996 1552 3057 modo
1573 2996 1635 3055 ιιι
1661 2994 1903 3056 Galliam
1931 3011 2135 3056 versus
2163 3004 2350 3059 castra

196 3098 454 3153 movere,
484 3082 758 3144 hostibus
788 3083 1157 3144 occasionem
1181 3082 1481 3162 pugnandi
1507 3098 1628 3143 non
1664 3082 1820 3155 dare,
1857 3082 2108 3181 sperans
2134 3098 2347 3162 prope-

196 3166 351 3226 diem
374 3184 614 3245 mag-uas
640 3169 839 3249 copias
870 3186 1010 3229 sese
1028 3169 1386 3241 habiturum,
1413 3168 1465 3227 si
1487 3168 1708 3229 Rom-ae
1733 3167 1878 3229 socii
1902 3168 2133 3245 incepta
2155 3174 2348 3246 patra-

197 3253 437 3313 vissent,
496 3252 727 3315 Interea
760 3254 992 3317 servitia
1024 3255 1386 3335 repudiabat,
1421 3253 1584 3315 cuius
1620 3254 1782 3315 initio
1819 3252 1893 3313 ad
1931 3269 2072 3312 eum
2104 3265 2348 3331 magnae

198 3337 401 3417 copiae
420 3334 866 3414 concumbant,
886 3340 1099 3419 opibus
1114 3339 1534 3401 coniurationis
1548 3342 1748 3412 steens,
1767 3337 1942 3399 sitnul
1951 3336 2206 3399 alienum
2227 3340 2347 3401 suls

198 3420 521 3485 rationibus
557 3423 915 3487 existumans
950 3426 1135 3486 videri
1170 3440 1441 3486 caussam
1475 3426 1684 3487 civium
1719 3432 1854 3484 eum
1885 3424 2071 3527 servis
2099 3424 2346 3502 fugitivis

201 3506 741 3569 communicavisse.
