2400 3900
40 1909 50 1917 -
172 1884 279 1952 est,
320 1894 589 1939 maxuma
620 1874 707 1936 vis
730 1875 950 1936 utrium
979 1877 1199 1937 effecta.
1246 1873 1333 1934 lbi
1363 1875 1574 1936 castris
1601 1868 1714 1939 levi
1735 1876 2096 1939 munimento
2125 1879 2341 1957 positis
2386 1903 2387 1961 }

60 3 63 8 ¹
174 51 258 114 ει
292 112 305 132 ,
872 51 937 111 o.
962 47 1354 110 SALLusrn
1395 47 1636 110 cmsm
1925 0 1949 21 Χ
2027 135 2036 146 ¹
2069 40 2098 78 -·

176 171 403 232 facilius
432 167 807 240 tolerabatur,
834 166 969 246 quia
997 165 1280 228 Numidae
1303 167 1650 248 plerumque
1675 167 1824 228 lacte
1857 175 1920 230 et
1941 170 2132 233 terina
2157 191 2348 235 carne

180 256 579 326 vescebantur,
622 259 681 312 et
710 270 901 330 neque
923 253 1115 319 salem
1148 269 1342 331 neque
1369 251 1858 324 aliairritamenta
1885 257 2054 332 gulae
2077 277 2345 336 quaere-

177 341 351 415 bant3
394 339 555 399 cibus
589 338 700 398 iuis
748 339 1059 399 advorsum
1096 339 1310 398 famem
1349 345 1522 418 atque
1555 337 1713 398 sitim
1749 348 1890 413 erat,
1923 357 2044 404 non
2079 344 2344 406 lubidini

174 443 372 507 neque
395 423 673 486 luxuriae.
1401 503 1405 507 .

304 511 463 589 Cap.
490 509 608 571 XC.
655 509 835 587 Igitur
860 508 1077 570 Consul
1096 508 1372 574 omnibns
1407 509 1736 590 exploratis,
1769 511 1970 584 eredo,
1997 510 2090 572 dis
2112 513 2341 590 fretum

174 611 309 662 uam
336 605 541 656 contra
560 603 751 656 tantas
776 593 1147 656 difficultates
1166 595 1412 658 consilio
1435 595 1574 656 satis
1590 594 1908 676 providere
1927 614 2051 656 non
2075 605 2342 676 poterat,

174 681 395 762 quippe
436 680 613 770 etiam
652 681 927 742 frumenti
970 679 1167 758 inopia
1203 681 1559 754 tentabatur,
1604 681 1764 761 quod
1794 681 2079 742 Numidae
2113 683 2340 762 pabulo

174 768 409 864 pecoris
444 763 631 846 magis
662 784 841 844 quam
882 783 1021 826 arvo
1054 765 1312 840 student,
1349 775 1410 828 et
1443 767 1854 846 quodcumque
1891 777 2094 856 natum
2121 769 2338 844 fuerat

172 854 341 915 iussu
356 853 513 941 regis
534 853 598 914 in
612 853 745 914 loca
766 851 989 912 munita
1006 851 1392 924 continerent,
1419 869 1562 930 ager
1579 861 1772 914 autem
1787 853 1991 914 aridus
2017 857 2080 914 et
2097 853 2340 952 frugum

180 956 395 1001 vacuus
424 956 493 1000 ea
516 943 883 1016 tempestate,
914 953 1049 998 nam
1072 937 1310 998 aestatis
1335 944 1666 1012 extremum
1687 947 1842 1000 erat·
1827 979 1846 1012 ‚
1885 945 2076 998 tamen
2109 957 2228 1018 pro
2253 942 2340 1002 rei

172 1025 340 1106 copia
372 1024 516 1086 satis
554 1021 933 1102 providenter
971 1027 1242 1095 exornat,
1281 1040 1464 1101 pecus
1501 1039 1694 1096 omne,
1716 1023 1896 1102 quod
1925 1025 2338 1104 superioribus

172 1110 383 1171 diebus
424 1109 675 1189 praed-ae
712 1109 917 1181 fuerat,
946 1106 1245 1186 equitibus
1277 1107 1591 1171 auxiliariis
1609 1109 1902 1187 agendum
1928 1108 2247 1186 adtribuit3
2275 1117 2342 1173 Δ.
2386 1161 2387 1172 ,

172 1195 449 1256 Manlium
476 1193 727 1272 legatum
760 1211 893 1256 cum
916 1192 1262 1256 cohortibus
1283 1192 1570 1291 expeditis
1593 1195 1668 1254 ad
1695 1194 1976 1273 oppidum
2003 1195 2200 1270 Laris,
2239 1196 2344 1258 ubi
2386 1203 2387 1272 5

176 1278 537 1368 stipendium
564 1287 624 1340 et
648 1283 1049 1344 commeatum
1058 1277 1366 1352 locaverat,
1399 1279 1486 1340 ire
1507 1277 1670 1341 iubet
1695 1279 1967 1358 dicitque,
1989 1297 2058 1340 se
2081 1282 2344 1359 praeda·
2386 1327 2387 1364 ἦ

72 1398 83 1422 1
170 1363 439 1428 bundum
456 1370 595 1444 post
617 1381 839 1443 paucos
864 1364 991 1424 dies
1016 1363 1228 1426 eodem
1243 1375 1572 1428 venturum.
1617 1363 1716 1426 Sic
1736 1364 1974 1444 incepto
1997 1384 2108 1426 suo
2133 1365 2387 1460 occul-1

170 1458 295 1512 tato
316 1448 509 1530 pergit
530 1444 606 1509 ad
631 1448 849 1510 flumen
876 1449 2387 1508 Tanam.1

274 1535 390 1596 Ca
400 1552 465 1615 p
478 1533 623 1598 XCI.
648 1533 950 1599 Ceterum
934 1551 997 1594 m
1010 1532 1227 1596 itinere
1235 1530 1494 1610 quotidie
1513 1551 1698 1614 pecus
1715 1533 1990 1596 exercitui
2003 1553 2113 1615 per
2129 1547 2344 1599 centu-

171 1619 290 1680 rias
307 1619 449 1680 item
466 1628 685 1685 turmas
708 1618 1027 1716 aequaliter
1046 1615 1436 1689 distribuerat,
1461 1625 1522 1678 et
1537 1637 1609 1680 ex
1625 1619 1805 1680 coriis
1823 1626 1986 1682 utres
2005 1620 2088 1685 uti
2099 1621 2342 1697 fierent,
2386 1659 2387 1666 t

159 1704 437 1780 curabat,
465 1705 639 1768 simul
658 1713 717 1766 et
732 1705 991 1784 inopiam
1008 1702 1285 1766 frumenti
1301 1703 1486 1766 lenire
1505 1704 1596 1766 et
1579 1705 1799 1783 ignaris
1815 1705 2013 1768 omnib
2021 1723 2090 1766 us
2103 1725 2342 1784 parare,

177 1808 327 1870 quae
348 1809 485 1852 mox
510 1790 644 1852 usui
667 1791 892 1864 forent3
920 1790 1175 1868 denique
1198 1795 1366 1849 sexto
1392 1788 1505 1863 die,
1533 1808 1710 1877 quum
1741 1791 1816 1852 ad
1845 1792 2064 1852 flumen
2093 1801 2344 1854 ventum

174 1962 389 2023 milites
416 1961 606 2024 cibum
638 1978 847 2040 capere
870 1969 1063 2040 atque,
1090 1961 1175 2022 uti
1198 1959 1374 2021 simul
1401 1980 1536 2023 cum
1571 1980 1786 2023 occasu
1809 1962 1952 2023 solis
1977 1964 2346 2040 egrederen-

138 2048 287 2121 ‘tur,
312 2056 551 2129 paratos
575 2064 709 2107 esse
728 2046 909 2119 iubet,
933 2046 1206 2109 omnibus
1227 2045 1472 2107 sarcinis
1488 2046 1751 2119 abiectis,
1779 2065 1929 2125 aqua
1949 2048 2130 2111 modo
2149 2068 2346 2129 seque

174 2142 233 2193 et
264 2132 522 2195 iumenta
557 2150 823 2197 onerare»
866 2132 1030 2203 Dein,
1066 2140 1376 2211 postquam
1409 2138 1644 2211 tempus
1677 2132 1884 2206 visum,
1917 2134 2128 2198 castris
2165 2154 2348 2213 egre·
2386 2168 2387 2199 ι

174 2218 331 2283 ditur
363 2224 739 2297 ‘noctemque
785 2226 966 2281 totam
1022 2216 1229 2279 itinere
1285 2217 1436 2277 facto
1491 2218 1788 2291 consedit3
1845 2217 2002 2279 idem
2050 2238 2346 2297 proxuma

172 2304 338 2380 facit3
370 2304 513 2365 dein
552 2303 721 2365 tertia
758 2302 939 2366 multo
978 2310 1111 2365 ante
1163 2300 1314 2365 lucis
1361 2302 1672 2365 adventum
1717 2303 1998 2383 pervenit
2027 2303 2089 2365 in
2138 2304 2344 2367 locum

170 2390 548 2464 tunmlosum,
570 2389 647 2451 ab
672 2388 857 2469 Capsa
886 2407 1009 2451 non
1032 2387 1279 2468 amplius
1307 2388 1734 2451 duummilium
1757 2388 2080 2461 intervallo,
2117 2388 2346 2469 ibique,

174 2492 350 2553 quam
374 2474 791 2537 occultissume
809 2484 1025 2555 potest,
1049 2492 1182 2534 cum
1211 2472 1484 2535 omnibus
1509 2474 1695 2553 copiis
1720 2473 2043 2552 oppen’tur.
2089 2474 2213 2535 Sed
2238 2477 2348 2539 ubi

172 2559 300 2621 dies
322 2560 519 2640 eoepit
542 2567 603 2623 et
616 2560 901 2623 Numidae
925 2559 1067 2621 nihil
1082 2559 1296 2623 hostile
1316 2567 1642 2621 metuentes
1663 2559 1826 2619 multi
1845 2558 2068 2637 oppido
2089 2563 2346 2637 egressi,

172 2653 419 2727 repente
444 2662 683 2707 omnem
708 2644 1025 2726 equitatum
1052 2651 1110 2705 et
1139 2663 1272 2705 cum
1311 2644 1405 2705 his
1444 2645 1865 2707 velocissumos
1893 2644 2125 2723 pedites
2155 2664 2346 2710 cursu
2385 2638 2388 2667 ⁸

170 2732 417 2795 tendere
450 2732 523 2793 ad
556 2732 805 2830 Capsam
836 2738 896 2791 et
930 2739 1132 2809 portas
1170 2728 1442 2789 obsidere
1475 2728 1653 2805 iubet,
1682 2730 1894 2790 deinde
1917 2729 2047 2809 ipse
2071 2730 2346 2795 intentus

170 2836 425 2899 propere
444 2817 627 2897 sequi,
654 2834 849 2896 neque
870 2816 1079 2877 milites
1102 2814 1368 2895 praedari
1390 2814 1600 2875 sinere.
1647 2816 1809 2890 Quae
1827 2822 2136 2893 postquam
2159 2818 2346 2897 oppi-

172 2904 311 2967 dani
344 2921 701 2985 cognovere,
734 2922 831 2963 res
875 2902 1153 2983 trepidae,
1190 2907 1382 2962 metus
1415 2899 1645 2979 ingenS,
1679 2900 1946 2964 malum‘
1930 2901 2348 2979 improvisum,
2386 2926 2387 2979 ξ

170 2990 245 3051 3ι1
268 2992 387 3054 hoc
405 3007 545 3071 pars
572 2988 783 3051 civium
808 2997 967 3049 extra
992 2986 1223 3049 moenia
1249 2986 1308 3047 in
1335 2984 1594 3047 hostium
1614 2994 1925 3066 potestate,
1953 3004 2226 3065 coegere,
2253 2988 2350 3051 uti
2386 3038 2387 3063 ,

172 3075 532 3137 deditionem
559 3076 835 3136 facerent.
878 3070 1147 3134 Ceterum
1170 3068 1493 3151 oppidum
1477 3089 1801 3144 incensum,
1821 3071 2108 3132 Numidae
2141 3074 2346 3151 pube-
2386 3068 2387 3149 ξ

173 3178 274 3221 res
308 3160 615 3235 interfecti,
645 3160 739 3222 alii
776 3177 984 3221 omnes
1024 3176 1235 3218 venum
1274 3155 1410 3228 dati,
1445 3146 1662 3234 praeda
1698 3156 1977 3219 militibus
2015 3156 2220 3219 divisa.
2271 3160 2346 3221 Id
2386 3232 2387 3237 γ

172 3244 397 3308 facinus
422 3256 625 3309 contra
651 3247 743 3309 ius
765 3242 903 3306 belli
926 3261 1049 3305 non
1072 3241 1306 3303 avaritia
1337 3260 1530 3320 neque
1563 3243 1786 3304 scelere
1813 3242 2082 3305 Consulis
2109 3242 2348 3311 admis-
2386 3244 2387 3281 ³

46 3368 67 3399 ,·
176 3348 329 3406 sum,
368 3332 472 3391 sed
514 3332 645 3407 quia
686 3332 855 3393 locus
887 3327 1200 3409 Iugurthae
1237 3334 1623 3407 opportunus,
1658 3327 1831 3389 nobis
1868 3328 2027 3390 aditu
2063 3328 2387 3407 difficilis

178 3434 365 3495 genus
390 3412 690 3478 hominum
724 3413 957 3491 mobile,
988 3414 1246 3488 infidum,
1271 3420 1406 3475 ante
1429 3432 1620 3494 neque
1643 3404 1928 3476 beneficio
1953 3432 2146 3493 neque
2169 3425 2388 3505 metu

176 3502 515 3563 coercitum.
