2400 3900
1810 6 1839 18 fi

135 53 218 116 22
317 5 326 22 ⁸
397 89 402 99 -
825 12 889 116 c.
935 54 1321 118 SALLUsTn
1364 43 1599 116 cntsrl

116 193 414 254 ,egressus
461 171 690 252 cognito
735 171 950 232 indicio
988 191 1061 234 ex
1097 174 1241 232 urbe
1276 177 1634 252 profugerat.
1699 173 1917 237 Consul
1952 174 2305 252 Lentulum,
2361 207 2362 240 1

137 261 297 340 quod
319 260 564 321 Praetor
585 264 724 331 erat,
760 258 1085 336 ipsemanu
1108 265 1317 320 tenens
1336 260 1398 321 in
1428 269 1693 323 senatum
1707 259 1999 338 perducit,
2026 261 2307 340 reliquos

115 366 270 425 ,cum
293 344 644 408 'custodibus
681 343 742 404 in
777 345 980 406 aedem
1013 344 1372 406 Concordiae
1406 347 1607 409 venire
1638 345 1819 408 iubet.
1886 346 1970 406 Eo
2004 347 2309 411 Senatum

137 433 402 506 advocat,
439 449 764 508 magnaque
785 431 1112 510 frequentia
1135 431 1263 492 eius
1290 432 1513 493 ordinis
1535 431 1891 494 Volturcium
1916 447 2049 494 cum
2078 433 2309 511 legatis
2361 455 2362 502 3

133 515 472 590 introducit,
505 517 775 577 Flaccum
799 517 1138 576 Praetorem
1175 517 1455 594 scrinium>
1488 537 1617 580 cum
1643 517 1824 581 literis
1854 533 2001 594 quas
2028 537 2063 578 a
2084 518 2309 596 legatis
2361 593 2362 596 Ἴ

133 609 441 684 'acceperat
468 602 678 667 eodem
702 597 930 664 adferre
955 601 1136 662 iubet.
2361 597 2362 600 ’

267 692 428 768 Cap.
459 686 680 750 XLVIl.
741 687 1068 753 Volturcius
1115 686 1508 768 interrogatus
1563 690 1637 750 de
1669 688 1900 760 itinere,
1970 689 2045 751 de
2086 689 2307 763 literis,

43 841 55 850 ,
131 783 437 855 postremo
473 773 615 852 quid
639 783 738 840 aut
771 791 888 852 qua
915 773 992 832 de
1023 790 1231 839 caussa
1254 775 1483 836 consilii
1505 774 1821 848 habuisset,
1848 773 2041 852 primo
2064 776 2307 854 fingere

135 853 260 935 alia,
313 861 682 924 dissimulare
727 859 800 919 de
843 858 1261 934 coniuratione,
1308 867 1463 940 post,
1502 861 1617 922 -ubi
1660 861 1777 921 fide
1820 859 2051 938 publica
2094 862 2308 925 dicere

130 947 328 1008 iussus
366 955 471 1019 est,
519 943 714 1006 omnia
754 944 838 1005 uti
871 951 1032 1022 gesta
1069 955 1236 1006 erant
1267 945 1454 1024 aperit
1488 947 1781 1024 docetque
1810 964 1875 1006 se
1910 945 2116 1024 paucis
2162 958 2307 1008 ante

135 1033 342 1094 diebus
383 1051 418 1092 a
445 1031 688 1113 Gabinio
722 1040 780 1091 et
805 1031 1086 1111 Coepario
1128 1031 1353 1096 socium
1388 1031 1637 1098 ascitum
1674 1031 1820 1098 nibil
1856 1028 2103 1111 amplius
2143 1035 2307 1094 scire

127 1138 306 1198 quam
336 1119 582 1196 legatos,
617 1121 1020 1180 tantummodo
1068 1117 1271 1177 audire
1306 1117 1537 1180 solitum
1576 1135 1646 1176 ex
1674 1117 1935 1190 Gabinio,
1978 1119 2045 1182 P..
2073 1120 2305 1185 Autro-
2360 1173 2363 1206 ἐ

126 1205 310 1278 nium,
351 1203 617 1265 Servium
646 1203 882 1282 Sullam,
929 1204 994 1266 L.
1031 1203 1469 1282 Vargunteium,
1506 1204 1721 1264 multos
1770 1213 2073 1282 praeterea
2122 1204 2195 1266 in
2235 1225 2307 1266 ea
2361 1207 2362 1218 ³

135 1289 536 1352 coniuratione
571 1288 988 1366 esseanadem
1013 1288 1156 1350 Galli
1191 1291 1445 1350 fatentur
1480 1308 1549 1350 ac
1568 1287 1883 1352 Lentulum
1915 1289 2305 1352 dissimulan-

131 1386 247 1438 tem
285 1383 610 1454 coarguunt
629 1382 865 1452 praeter
886 1373 1082 1442 literas
1113 1375 1518 1448 sermonibus,
1534 1393 1684 1452 quos
1710 1375 1805 1438 ille
1831 1375 2050 1436 habere
2078 1377 2303 1438 solitus

130 1471 282 1523 erat:
321 1481 392 1522 ex
419 1459 578 1520 libris
617 1459 908 1540 Sibyllinis
941 1478 1188 1538 regnum
1216 1460 1436 1520 Romae
1470 1461 1657 1522 trihus
1677 1461 1963 1522 Corneliis
1990 1465 2299 1540 portendi,
2358 1469 2363 1496 ·

129 1546 374 1609 Cinnam
401 1555 580 1626 atque
603 1541 822 1606 Sullam
838 1555 1030 1620 antea,
1069 1564 1138 1606 se
1163 1545 1397 1608 tertium
1420 1563 1553 1608 esse
1581 1545 1677 1606 cui
1710 1547 1893 1608 fatum
1932 1549 2085 1608 foret
2116 1549 2295 1610 urbis

123 1631 333 1712 potiri3
358 1645 662 1714 praeterea
681 1633 752 1694 ab
770 1633 1012 1695 incenso
1029 1631 1310 1712 Capitolio
1334 1631 1496 1694 illum
1518 1650 1651 1692 esse
1669 1632 2017 1710 vigesimum
2044 1651 2295 1708 annum,

130 1737 306 1797 quem
358 1730 539 1800 saepe
597 1737 666 1779 ex
716 1718 998 1800 prodigiis
1038 1718 1382 1799 haruspices
1426 1719 1881 1796 respondissent
1930 1719 2087 1780 bello
2134 1720 2295 1784 civili

127 1814 434 1867 cruentum
455 1808 602 1866 fore.
644 1805 828 1881 Igitur
853 1805 1126 1884 perlectis
1148 1805 1351 1877 literis,
1380 1824 1558 1883 quum
1586 1805 1748 1884 prius
1768 1823 1971 1866 omnes
1991 1805 2161 1884 signa
2184 1825 2297 1869 sua

127 1891 558 1981 cognovissent,
607 1891 857 1953 Senatus
895 1891 1174 1963 decernit,
1228 1891 1311 1956 uti
1342 1890 1607 1953 abdicato
1640 1892 1979 1971 magistratu
2004 1893 2295 1957 Lentulus

123 1976 380 2055 itemque
425 1976 604 2037 ceteri
645 1976 706 2037 in
747 1977 948 2037 liberis
995 1977 1276 2037 custodiis
1319 1978 1733 2043 haberentur..
1766 1980 1969 2057 ltaque
2002 1979 2297 2043 Lentulus

124 2060 190 2121 P.
216 2061 464 2123 Lentulo
491 2062 806 2142 Spintheri,
842 2062 939 2141 >qui
969 2071 1091 2123 tum
1117 2062 1337 2124 Aedilis
1363 2072 1517 2137 erat,
1542 2063 1831 2141 Cethegus
1854 2066 1925 2136 Q.
1953 2065 2296 2141 Cornificio,

124 2147 382 2211 Statilius
411 2150 472 2211 C.
501 2148 750 2221 Caesari,
790 2148 1069 2210 Gabinius
1095 2150 1172 2209 M.
1201 2148 1429 2223 Crasso,
1468 2150 1813 2229 Coeparius,
1850 2169 1985 2211 nam
2012 2152 2063 2211 is
2086 2154 2295 2230 paullo

129 2242 264 2295 ante
289 2254 358 2297 ex
386 2236 526 2313 fuga
547 2238 830 2295 retractus
859 2244 1000 2309 erat,
1025 2235 1127 2296 Cn.
1151 2236 1427 2297 Terentio
1455 2236 1734 2297 Senatori-
1745 2237 2069 2304 traduntur.
2361 2306 2362 2317 2

252 2322 412 2402 Cap.
436 2321 682 2383 XLVIII.
731 2322 961 2383 Interea
976 2322 1182 2401 plebes
1204 2322 1602 2383 coniuratione
1620 2324 1905 2402 patefacta
1921 2342 2074 2401 quae
2092 2324 2293 2401 primo
2361 2368 2362 2371 κ

129 2405 339 2483 cupida
359 2426 556 2468 rerum
587 2426 866 2469 novarum
895 2408 1069 2471 nimis
1093 2408 1521 2482 bellefavebat,
1545 2420 1762 2471 mutata
1784 2418 1979 2472 mente
2003 2409 2295 2471 Catilinae

128 2488 385 2551 consilia*
396 2492 702 2564 exsecrari,
737 2494 1077 2556 Ciceronem
1103 2494 1176 2557 ad
1204 2496 1431 2558 coelum
1454 2496 1677 2569 tollere,
1695 2496 1875 2559 veluti
1902 2511 1975 2557 ex
2000 2494 2289 2557 servitute

128 2584 330 2655 erepta
351 2570 624 2653 ‘gaudium
649 2583 822 2655 atque
841 2579 1111 2640 laetitiam
1131 2580 1407 2657 agitabat.
1452 2582 1715 2659 Namque
1738 2580 1842 2641 alia
1866 2580 2001 2641 belli
2022 2580 2291 2643 facinora

119 2662 373 2741 praedae
386 2660 567 2741 magis
584 2679 758 2740 quam
777 2662 1124 2731 detrimento
1139 2666 1282 2739 fore,
1302 2667 1789 2727 incendiumvero
1804 2668 2057 2739 crudele,
2070 2666 2212 2727 imm
2221 2688 2291 2727 o·

120 2746 385 2811 deratum
413 2767 484 2811 ac
517 2746 628 2810 sihi
663 2766 932 2810 maxume
959 2750 1356 2813 calamitosum
1382 2752 1641 2831 putabat,
1682 2753 1905 2831 quippe
1938 2753 2033 2818 'cui
2072 2770 2287 2814 omnes

121 2835 321 2911 copiae
354 2835 414 2897 in
455 2854 567 2896 usu
604 2835 940 2914 quotidiano
973 2846 1033 2898 et
1067 2836 1225 2900 cultu
1258 2838 1522 2917 corpo-ris
1560 2850 1747 2903 erant..
1788 2840 1930 2901 Post
1966 2856 2098 2902 eum
2125 2838 2289 2901 diem
2361 2888 2362 2903 ,

99 2920 350 2997 ,ᾳυίἀωῐι
364 2920 430 2983 L.
444 2920 791 3001 Tarquinius
811 2923 887 2982 ad
900 2922 1497 2985 Senatum-adductus
1519 2934 1666 2997 erat,
1696 2942 1869 3003 quem
1896 2923 2286 2988 adCatilinam

40 3012 42 3015 ’
115 3005 586 3083 proficiscentem
625 3014 936 3083 retractum
971 3028 1044 3069 ex
1081 3008 1291 3071 itinere
1328 3010 1576 3075 aiebant.
1632 3011 1711 3082 Is,
1754 3026 1933 3088 quum
1960 3028 2027 3071 se
2064 3008 2289 3072 diceret
2361 3078 2362 3083 ἵ

114 3088 505 3155 indicaturum
548 3094 622 3155 de
671 3093 1072 3157 coniuratione
1117 3094 1168 3155 si
1209 3096 1355 3157 fides
1404 3095 1635 3175 publica
1680 3095 1811 3158 data·
1858 3104 2034 3170 esset,
2078 3094 2281 3157 iussus

117 3194 152 3235 a
175 3175 428 3237 Consule
449 3198 598 3257 quae
624 3179 800 3241 sciret
819 3179 1034 3253 dicere,
1061 3182 1273 3263 eadem
1296 3182 1421 3243 fere
1446 3200 1599 3261 quae
1616 3182 1945 3251 Volturcius
1965 3182 2283 3259 tle-paratis

111 3261 424 3336 incendiis,
460 3263 534 3325 de
560 3266 740 3327 caede
765 3266 1076 3339 bonorum,
1115 3268 1188 3327 de
1218 3268 1427 3334 itinere
1458 3268 1715 3333 hostium
1744 3269 2029 3332 Senatum
2070 3268 2280 3347 docetg.
2325 3312 2331 3319 .

111 3358 420 3425 praeterea
446 3367 510 3409 se
553 3351 798 3413 missum
832 3371 865 3413 a
889 3351 968 3412 Μ.
993 3352 1225 3425 Crasse,
1260 3354 1359 3432 qui
1383 3354 1657 3421 Catilinae
1677 3353 2001 3425 nunciaret,
2037 3362 2113 3416 ne
2144 3369 2279 3413 eum

111 3430 396 3497 Lentulus
421 3445 482 3495 et
502 3434 792 3515 Cethegus
818 3438 1030 3517 aliique
1057 3455 1128 3501 ex
1150 3440 1559 3501 coniuratione
1582 3432 1945 3518 deprehensi
1968 3446 2277 3511 terrerent,

115 3535 305 3599 eoque
345 3522 531 3603 magis
573 3531 920 3603 properaret
953 3526 1030 3587 ad
1071 3524 1281 3587 urbem
1326 3527 1623 3599 accedere,
1674 3542 1800 3604 quo
1842 3530 1905 3585 et
1947 3532 2279 3587 ceterorum
