2400 3900
110 53 227 120 ‘78
320 31 325 49 ¹
840 55 905 118 c.
951 53 1343 116 SALLus'rn
1388 55 1632 116 cmsm

142 176 261 238 tale
306 173 608 254 negotium
654 173 921 250 mittatis,
960 173 1262 236 hominem
1309 174 1523 235 veteris
1557 173 1866 255 prosapiae
1898 193 1968 235 ac
2003 173 2359 237 multarum

143 262 465 361 imaginum
492 270 549 322 et
574 260 788 324 nullius
822 261 1129 342 stipendii3
1167 259 1390 322 scilicet
1425 269 1492 322 ut
1520 261 1581 321 in
1615 268 1773 322 tanta
1801 277 1884 334 re,
1917 261 2173 338 ignarus
2210 281 2358 323 om-

143 350 327 422 nium,
344 347 619 428 trepidet,
645 347 900 423 festinet,
926 353 1123 411 sumat
1138 347 1391 428 aliquem
1417 365 1486 408 ex
1503 349 1734 446 populo
1762 347 2116 407 monitorem
2147 349 2354 409 officii

145 435 259 496 sui.
305 435 389 494 Ita
422 433 769 514 plerumque
809 435 1017 508 evenit,
1053 442 1120 496 ut
1156 453 1330 514 quem
1363 452 1470 494 vos
1499 433 1788 533 imperare
1820 432 2092 506 iussistis,
2129 433 2192 494 is
2225 435 2352 495 sibi

140 524 558 602 imperatorem
613 521 799 582 alium
858 527 1118 600 quaerat.
1205 520 1396 599 Atque
1449 537 1559 598 ego
1625 520 1776 593 scio,
1837 518 2144 592 Quirites,
2215 522 2350 600 qui,

142 614 458 705 postquam
492 606 780 668 Consules
818 608 951 668 facti
992 614 1149 680 sunt,
1184 613 1312 667 acta
1355 605 1644 667 maiorum
1683 614 1742 667 et
1771 606 2132 666 Graecorum
2175 607 2348 667 mili-

140 693 287 755 taria
305 699 622 773 praecepta
639 693 834 772 legere
856 691 1187 772 coeperint3
1212 693 1578 773 praeposteri
1597 691 1898 754 homines!
1943 693 2090 753 Nam
2114 711 2346 770 gerere

144 797 318 859 quam
344 779 471 840 fieri
505 789 770 860 tempore
802 777 1117 864 posterius,
1152 795 1219 838 re
1253 785 1429 858 atque
1457 798 1570 840 usu
1605 776 1771 859 prius
1811 787 1918 840 est.
1963 779 2340 858 Comparate

140 883 318 940 nunc,
346 865 623 940 QuiriteS,
660 883 791 926 cum
826 863 1061 924 illorum
1097 864 1378 944 superbia
1411 883 1508 925 me
1529 865 1830 926 hominem
1857 883 2098 926 novum.
2151 865 2338 939 Quae

138 950 221 1014 illi
246 953 448 1016 audire
476 962 536 1012 et
566 951 764 1028 legere
794 951 1003 1023 solent,
1040 967 1250 1010 eorum
1277 958 1504 1030 partem
1538 951 1675 1026 vidi,
1710 951 1820 1012 alia
1857 958 2096 1030 egomet
2131 953 2334 1030 gessi3

142 1057 290 1119 quae
314 1039 396 1101 illi
416 1036 618 1109 literiS,
647 1055 717 1096 ea
746 1053 859 1114 ego
884 1037 1187 1098 militando
1211 1035 1407 1098 didici.
1451 1033 1623 1098 Nunc
1645 1055 1752 1098 vos
1781 1037 2151 1112 3ιιὶεῐιιιιι3ῐ3,
2174 1040 2336 1099 facta

142 1143 219 1186 an
242 1124 393 1187 dicta
412 1121 595 1202 pluris
614 1121 751 1186 sint.
792 1124 1193 1185 Contemnunt
1207 1122 1523 1184 novitatem
1541 1141 1752 1196 meam,
1773 1141 1881 1220 ego
1899 1123 2171 1184 illorum
2152 1143 2334 1203 lgna-

139 1211 325 1287 viam3
358 1208 503 1270 mihi
522 1209 775 1282 fortuna,
806 1209 917 1270 illis
941 1211 1161 1290 probra
1187 1209 1589 1286 obiectantur3
1629 1203 1981 1291 quamquam
2002 1227 2113 1288 ego
2143 1218 2332 1273 natu-

141 1315 267 1358 ram
319 1312 498 1358 unam
552 1302 610 1356 et
650 1313 1021 1358 communem
1074 1297 1336 1358 omnium
1378 1297 1698 1369 existumo,
1759 1296 1865 1357 sed
1907 1295 2328 1358 fortissumum

39 1412 49 1427 x
142 1399 442 1462 quemque
460 1382 1027 1458 generosissumum.
1070 1384 1190 1443 Ac
1176 1382 1227 1442 si
1243 1383 1357 1442 iam
1378 1401 1446 1442 ex
1467 1383 1732 1463 patribus
1750 1382 1948 1444 Albini
1966 1391 2068 1444 aut
2084 1381 2328 1445 Bestiae

15 2658 17 2709 i
134 2676 369 2755 patitur.
415 2674 675 2735 Huiusce
700 2674 787 2735 rei
814 2690 923 2753 ego
957 2675 1238 2755 inopiam,
1275 2675 1564 2751 Quirites,
1603 2694 1805 2737 verum
1833 2675 1914 2751 id,
1944 2676 2102 2755 quod
2123 2678 2311 2739 multo
2384 2710 2385 2721 ι

17 2780 19 2803 =
135 2762 491 2842 praeclarius
520 2768 627 2835 est,
652 2768 902 2822 meamet
927 2762 1079 2823 facta
1102 2761 1245 2823 mihi
1267 2762 1466 2823 dicere
1495 2762 1650 2824 licet.
1691 2760 1860 2823 Nunc
1889 2762 2092 2836 videte,
2133 2780 2311 2842 quam

140 1469 342 1548 quaeri
372 1475 595 1546 posset,
630 1484 804 1528 mene
830 1485 905 1528 an
930 1467 1062 1529 illos
1094 1485 1167 1528 ex
1205 1487 1270 1528 se
1311 1468 1467 1546 gigni
1508 1467 1840 1542 maluerint,
1884 1467 2026 1548 quid
2060 1487 2324 1549 respon-

140 1573 313 1615 suros
348 1552 607 1627 creditiS‚
643 1551 778 1627 nisi,
821 1571 967 1615 sese
991 1552 1214 1614 liberos
1253 1571 1427 1633 quam
1466 1561 1742 1633 optumos
1779 1553 2088 1616 voluisse?
2133 1557 2321 1629 Quod

136 1641 191 1702 si
212 1639 343 1702 iure
366 1657 461 1701 me
488 1639 837 1720 despiciunt,
865 1640 1079 1701 faciant
1096 1639 1254 1701 idem
1275 1639 1596 1702 maioribus
1618 1641 1757 1714 suis,
1785 1641 2020 1721 quibus»,
2047 1641 2134 1703 uti
2157 1643 2322 1717 mihi,

139 1745 213 1788 ex
254 1726 465 1789 virtute
497 1725 770 1788 nobilitas
805 1727 1025 1806 coepit.
1081 1726 1352 1788 Invident
1388 1727 1602 1788 honori
1637 1745 1800 1798 meo;
1837 1745 1982 1806 ,ergo
2014 1727 2323 1790 invideant

136 1813 343 1888 labori,
382 1813 769 1885 innocentiae,
808 1812 1084 1891 periculis
1124 1813 1298 1874 etiam
1331 1813 1496 1887 meis„
1537 1813 1814 1892 quoniam
1843 1831 1952 1893 per
1975 1814 2126 1874 haec
2149 1813 2321 1875 illum

140 1900 289 1981 cepi.
331 1899 547 1961 Verum
588 1898 859 1962 homines
896 1899 1155 1979 corrupti
1178 1898 1465 1978 vsuperbia
1495 1899 1576 1961 ita
1625 1905 1874 1961 aetatem
1907 1903 2319 1981 agunt-quasi

135 1994 371 2046 vostros
406 1986 667 2047 honores
712 1992 1105 2057 contemnant,
1143 1985 1222 2046 ita
1249 1986 1362 2045 hos
1397 1994 1621 2064 petunt,
1664 1986 1832 2066 quasi
1867 1987 2114 2048 honeste
2149 1987 2319 2048 vixe-

98 2078 102 2084 '
135 2071 440 2154 rint.·Nae
475 2071 558 2133 illi
583 2070 712 2131 falsi
738 2078 893 2145 sunt,
934 2072 1031 2151 qui
1070 2070 1526 2132 divorsissumas
1555 2090 1655 2132 res
1691 2072 1914 2152 pariter
1953 2081 2317 2152 exspectant,

134 2157 400 2237 ignaviae
436 2157 795 2238 voluptatem
828 2166 886 2219 et
908 2157 1165 2237 praemia
1198 2156 1448 2219 virtutiS.
1491 2158 1680 2237 Atque
1716 2156 1907 2233 etiam,
1945 2178 2129 2239 quum
2155 2162 2318 2240 apud

134 2262 241 2305 vos
264 2244 451 2307 autin
478 2251 684 2306 senatu
710 2243 889 2305 verba
904 2244 1141 2317 faciunt,
1166 2242 1446 2323 pleraque
1471 2244 1736 2306 oratione
1756 2245 2012 2306 maiores
2043 2264 2186 2307 suos
2213 2264 2317 2307 ex-
2384 2268 2385 2279 ¹

138 2331 376 2406 tollunt;
438 2348 643 2393 eorum
709 2330 881 2392 fortia
930 2329 1316 2392 memorando
1360 2330 1635 2392 clariores
1681 2350 1816 2393 sese
1865 2340 2103 2411 putant,
2149 2334 2315 2411 quod

138 2426 341 2478 contra
379 2423 489 2478 est.
532 2417 678 2479 Nam
706 2424 925 2495 quanto
956 2417 1072 2478 vita
1094 2416 1344 2478 illorum
1370 2417 1740 2496 praeclarior,
1779 2425 1947 2479 tanto
1969 2418 2184 2479 horum
2213 2437 2315 2479 so-

138 2503 338 2565 cordia
378 2501 742 2600 flagitiosior.
802 2504 877 2566 Et
908 2504 1173 2583 profecto
1209 2503 1288 2564 ita
1317 2522 1384 2565 se
1429 2521 1525 2565 res
1560 2504 1766 2587 habet3
1807 2502 2092 2565 maiorum
2127 2505 2313 2583 gloria

140 2588 395 2669 posteris
418 2588 586 2665 quasi
605 2588 805 2650 lumen
836 2596 943 2663 est,
958 2608 1151 2669 neque
1173 2589 1332 2651 bona
1361 2608 1554 2669 neque
1579 2589 1732 2651 mala
1755 2607 1958 2651 eorum
1984 2592 2046 2651 in
2077 2592 2310 2652 occulto

19 2856 21 2900 ἓ
135 2850 319 2929 iniqui
356 2850 495 2911 sint.
542 2847 715 2921 Quod
748 2864 819 2908 ex
852 2846 1036 2909 aliena
1070 2846 1284 2911 virtute
1307 2848 1434 2909 ‘sibi
1459 2848 1767 2927 adrogant,
1808 2849 1871 2909 id
1897 2848 2039 2909 mihi
2073 2867 2147 2910 ex
2176 2868 2307 2910 mea
2384 2912 2385 2921 ,

23 2987 27 3013 ,1
136 2953 259 2997 non
282 2936 652 3010 concedunt3
678 2934 915 3007 scilicet,
946 2935 1078 3016 quia
1097 2934 1384 3013 imagines
1403 2952 1527 2995 non
1549 2934 1740 2996 habeo
1762 2946 1820 2996 et
1840 2935 1972 3016 quia
1991 2934 2133 2995 mihi
2155 2952 2308 2996 nova

25 3060 27 3103 ss
134 3021 410 3083 nobilitas
444 3030 552 3095 est,
588 3038 760 3100 quam
784 3029 944 3083 certe
968 3022 1276 3101 peperisse
1305 3020 1513 3081 melius
1543 3028 1636 3082 est
1655 3038 1828 3101 quam
1851 3028 2149 3101 acceptam
2169 3040 2306 3081 cor-

40 3133 59 3138 ·
135 3106 389 3186 rupisse.
434 3106 719 3187 Equidem
754 3123 863 3187 ego
892 3126 1015 3169 non
1050 3106 1280 3186 ignoro,
1319 3106 1370 3166 si
1404 3107 1520 3168 iam
1558 3108 1697 3167 mihi
1722 3108 2088 3188 respondere
2111 3107 2302 3181 velint,

136 3190 370 3256 abunde
420 3193 533 3254 illis
586 3195 897 3255 facundam
957 3202 1016 3255 et
1062 3192 1455 3274 compositam
1507 3194 1836 3261 emtionem
1883 3196 2031 3256 fore.
2077 3194 2194 3255 Sed
2240 3194 2302 3256 in
2384 3198 2385 3203 ’

92 3309 101 3319 ’
134 3298 405 3343 maxumo
442 3285 643 3341 vostro
682 3279 988 3355 beneficio,
1026 3296 1206 3358 quum
1251 3278 1524 3340 omnihus
1558 3280 1702 3343 locis
1737 3298 1834 3342 me
1871 3298 2094 3360 vosque
2119 3280 2297 3341 male-

132 3367 305 3429 dictis
330 3367 605 3439 lacerent,
628 3384 747 3428 non
766 3366 982 3446 placuit
998 3364 1262 3437 reticere,
1288 3382 1366 3425 ne
1387 3366 1518 3446 quis
1539 3368 1887 3429 modestiam
1909 3366 1972 3427 in
1993 3366 2295 3428 conscien-

134 3454 275 3513 tiam
298 3455 555 3516 duceret.
600 3451 747 3512 Nam
780 3471 876 3515 me
912 3453 1147 3532 quidem
1174 3470 1247 3512 ex
1271 3452 1448 3514 animi
1471 3454 1587 3514 mei
1613 3452 1902 3516 sententia
1927 3454 2087 3523 nulla
2113 3454 2290 3515 oratio
2383 3456 2385 3481 ‘

136 3538 369 3601 laedere
392 3543 617 3619 potest3
652 3537 869 3619 quippe
891 3556 1028 3600 vera
1051 3554 1297 3601 necesse
1331 3546 1417 3601 est
1441 3538 1596 3603 bene
1617 3539 1934 3620 praedicet,
1960 3540 2158 3601 falsam
2181 3540 2290 3601 vita
2384 3572 2385 3620 l
