2400 3900
195 53 281 118 00
891 55 956 117 C.
1001 53 1395 118 SALLUSTII
1438 55 1683 118 CRISPI
2260 67 2383 326 {fi

195 176 312 239 sibi
337 174 586 256 peperit,
623 193 976 256 semperque
1011 174 1073 236 in
1141 174 1487 238 otestatibus
1523 193 1595 236 eo
1628 175 1807 236 modo
1844 173 2123 254 agitabat,
2159 182 2237 236 ut

193 263 382 345 pliore
405 279 580 341 quam
601 261 840 342 gerebat
857 261 1070 341 dignus
1133 259 1429 324 abet-etur.
1462 261 1723 322 Tamen
1708 279 1759 321 is
1781 261 1854 321 ad
1872 261 1931 322 id
1949 262 2241 324 locorum

195 349 300 422 vir,
337 365 473 410 nam
501 356 709 428 postea
732 348 1052 409 ambitione
1089 365 1375 428 praeceps
1410 345 1581 411 datus
1620 357 1727 422 est,
1757 349 2135 409 consulatum
2174 357 2361 428 peter

197 453 321 496 non
373 433 648 495 audebat.
709 433 898 495 Etiam
954 444 1076 494 tum
1127 434 1273 495 alios
1322 433 1691 511 magistratus
1751 433 1951 513 plebS,
1998 436 2337 496 consulatu

195 520 472 582 nobilitas
513 519 669 581 inter
711 538 777 579 se
823 538 932 600 per
972 537 1182 580 manus
1224 519 1511 580 tradebat.
1571 519 1768 580 Novus
1808 537 1982 583 nemo
2018 527 2150 581 tam
2184 365 2383 620 clani}

197 625 392 685 neque
431 615 546 666 tam
595 606 867 686 egregius
913 607 1102 667 sactus
1147 612 1303 680 erat,
1333 605 1475 686 quin
1510 605 1561 666 is
1591 603 1867 688 indignus
1904 605 2002 666 illo
2043 605 2301 668 honore
2336 627 2365 668 e

199 693 365 774 quasi
385 693 645 772 pollutus
671 692 1009 753 haberetur.

327 779 492 858 Cap.
513 777 708 839 Lxlv.
764 778 947 856 Igitur
983 777 1084 838 ubi
1123 775 1344 838 Marius
1376 775 1707 858 haruspicis
1740 775 1892 836 dicta
1924 776 2143 841 eodem
2180 777 2357 840 inten

199 865 341 926 dere
367 859 541 938 videt,
568 881 684 944 quo
715 863 930 943 cupido
957 863 1136 925 animi
1158 862 1521 936 hortabatur,
1551 862 1623 923 ab
1653 861 1885 922 Metello
1916 861 2173 940 petundi
2200 865 2377 941 gratia

195 951 542 1012 missionem
569 954 768 1026 rogat3
809 950 904 1011 cui
926 967 1277 1030 quamquam
1310 948 1511 1022 virtuS,
1545 947 1731 1026 gloria
1769 955 1944 1025 atque
1976 948 2085 1009 alia
2120 950 2379 1028 optanda

196 1037 371 1099 bonis
409 1034 800 1116 superabant,
846 1044 1047 1097 tamen
1080 1035 1685 1114 ineratcontemptor
1718 1033 1947 1094 animus
1984 1043 2042 1095 et
2074 1036 2382 1114 superbia,

199 1137 512 1184 commune
546 1121 868 1183 nobilitatis
898 1123 1137 1184 malum.
1182 1123 1386 1200 ltaque
1416 1119 1671 1202 primum
1700 1127 2032 1180 commotus
2055 1119 2353 1184 insolitar

197 1208 397 1274 mirari
429 1206 559 1268 eius
587 1207 902 1268 consilium
929 1218 987 1271 et
1015 1208 1182 1288 quasi
1204 1225 1314 1288 per
1337 1207 1649 1268 amicitiam
1672 1223 1934 1280 monere,
1954 1224 2029 1266 ne
2054 1211 2182 1268 tam
2203 1226 2375 1288 prava

196 1295 505 1374 inciperet,
523 1311 645 1355 neu
663 1311 846 1372 super
871 1295 1161 1355 fortunam
1184 1294 1440 1356 animum
1459 1301 1706 1392 gereret,
1728 1309 1850 1353 non
1871 1293 2069 1353 omnia
2096 1294 2373 1356 omnihus

203 1379 500 1460 cupiunda
528 1397 681 1452 esse,
721 1379 944 1440 debere
967 1377 1046 1439 illi
1083 1397 1198 1440 res.
1210 1397 1351 1440 suas
1376 1379 1516 1440 satis
1540 1379 1792 1466 placere,
1818 1393 1929 1458 pos
1902 1386 2124 1440 „tremo
2155 1385 2374 1441 caveret

199 1465 261 1526 id
289 1474 500 1544 petere
533 1483 568 1524 a
605 1463 826 1544 populo
861 1463 1146 1538 Romano,
1182 1465 1345 1544 quod
1381 1464 1463 1526 illi
1496 1464 1624 1526 iure
1662 1471 1994 1543 negaretur.
2050 1465 2373 1546 Postquam

200 1552 351 1611 haec
375 1558 551 1630 atque
579 1550 696 1612 alia
729 1549 864 1612 talia
883 1546 1040 1630 {dixit
1067 1568 1261 1629 neque
1294 1549 1527 1612 animus
1553 1549 1719 1610 Marii
1752 1551 2023 1626 flectitur,
2046 1554 2371 1632 respondit,

201 1635 305 1697 ubi
349 1637 603 1717 primum
646 1637 936 1718 potuisset
979 1655 1086 1715 per
1122 1635 1356 1716 negotia
1398 1633 1661 1717 publica,
1700 1635 1989 1697 facturum
2033 1654 2201 1713 sese,
2236 1657 2375 1718 quae

201 1729 450 1802 peteret.
495 1725 581 1786 Ac
597 1731 806 1803 postea
823 1723 1058 1802 saepius
1079 1723 1285 1785 eadem
1306 1721 1629 1802 postulanti
1645 1722 1834 1784 fertur
1852 1721 2091 1797 dixisse,
2111 1743 2193 1785 ne
2218 1725 2371 1786 sesti-

201 1819 374 1872 naret
393 1810 574 1884 abire,
595 1810 739 1871 satis
764 1815 991 1870 mature
1012 1809 1178 1870 illum
1203 1825 1332 1870 eum
1360 1808 1481 1869 filio
1509 1826 1618 1868 suo
1646 1809 2018 1877 consulatum
2040 1810 2229 1889 petitu

199 1895 262 1958 ls
297 1915 370 1958 eo
399 1903 673 1997 tempore
707 1893 1095 1956 contubernio
1137 1895 1323 1975 patris
1356 1894 1574 1958 ibidem
1608 1889 1919 1969 militabat,
1970 1911 2162 1958 annos
2208 1885 2383 2319 natu]

205 1982 438 2044 circiter
451 1983 687 2061 viginti3
713 1999 863 2061 quae
887 1998 984 2041 res
1009 1980 1253 2042 Marium
1274 1999 1406 2042 cum
1436 2000 1545 2060 pro
1564 1981 1811 2055 honore,
1840 1998 2013 2063 quem
2047 1984 2373 2055 affectabat,

199 2076 328 2130 tum
367 2076 572 2130 contra
606 2067 904 2128 Metellum
935 2067 1317 2127 vehementer
1342 2067 1711 2128 accenderat.
1766 2068 1853 2129 Ita
1888 2068 2169 2148 cupidine
2204 2078 2371 2151 atque

201 2154 307 2227 ira,
327 2154 623 2233 pessumis
653 2151 1113 2225 consultoribuS,
1143 2152 1415 2231 grassari,
1448 2170 1642 2231 neque
1671 2153 1824 2214 facto
1852 2152 1971 2215 ullo
1998 2172 2195 2252 neque
2222 2157 2371 2218 dicto

207 2240 524 2314 abstinere,
565 2240 722 2319 quod
759 2238 939 2300 modo
966 2238 1341 2317 ambitiosum
1368 2240 1551 2313 foret;
1576 2238 1823 2313 milites,
1849 2240 2105 2343 quibus
2088 2258 2155 2301 ιιι
2180 2242 2353 2305 hiber

203 2326 296 2389 nis
316 2334 604 2406 praeerat,
625 2325 881 2387 laxiore
865 2325 1114 2405 imperio
1137 2343 1310 2405 quam
1331 2333 1501 2385 antea
1518 2324 1755 2401 habere,
1779 2324 1934 2406 apud
1958 2317 2371 2405 negotiatores,

205 2430 460 2490 quorum
490 2430 700 2491 magna
718 2412 1030 2474 multitudo
1054 2412 1255 2474 Uticae
1282 2417 1423 2483 erat,
1448 2410 1763 2473 criminose
1787 2411 1964 2472 simul
1988 2418 2047 2473 et
2070 2416 2373 2493 magnifiee

205 2498 282 2556 de
310 2495 468 2557 bello
505 2498 695 2577 loqui;
723 2498 962 2561 dimidia
987 2517 1124 2578 pars
1150 2500 1445 2560 exercitus
1480 2498 1531 2559 si
1558 2496 1667 2558 sibi
1692 2494 2148 2596 permitteretur,
2178 2502 2369 2581 paucis

211 2582 420 2643 diebus
457 2580 797 2661 Iugurtham
836 2586 900 2645 in
931 2584 1156 2647 catenis
1191 2584 1557 2657 habiturum,
1602 2583 1673 2645 ab
1704 2584 2063 2682 imperatore
2104 2588 2369 2648 consulto

205 2667 374 2743 trahi,
403 2669 560 2749 quod
581 2669 796 2729 homo
779 2669 972 2729 inanis
997 2676 1056 2729 et
1069 2670 1265 2747 regiae
1284 2670 1628 2751 superbiae
1615 2666 1860 2750 imperio
1880 2670 2053 2731 nimis
2076 2674 2372 2749 gauderet

205 2756 369 2828 Quae
410 2754 606 2816 omnia
646 2754 758 2815 illis
796 2772 866 2815 eo
905 2754 1165 2814 firmiora
1203 2756 1582 2829 videbantur,
1622 2752 1780 2835 quod
1829 2754 2213 2819 diuturnitate
2247 2760 2375 2821 belli

204 2860 302 2901 res
329 2840 627 2903 familiaris
649 2846 1032 2920 corruperant
1057 2848 1114 2901 et
1139 2840 1336 2901 animo
1360 2840 1616 2920 cupienti
1642 2842 1785 2902 nihil
1812 2842 1951 2903 satis
1979 2844 2315 2905 festinatur.
2340 2868 2367 2905 c

335 2929 426 2989 Ca
436 2948 495 3008 p.
523 2927 691 2988 va.
724 2926 861 2987 Erat
895 2934 1204 3006 praeterea
1230 2928 1291 2989 in
1320 2928 1576 2989 exercitu
1606 2936 1812 2990 nostro
1839 2928 2092 2989 Numida
2117 2931 2371 3009 quidam.

205 3013 447 3075 nomine
512 3012 744 3087 Gauda,
801 3012 1215 3075 Mastanabalis
1274 3014 1461 3086 filius,
1512 3012 1857 3076 Masinissae
1914 3032 2133 3094 nepos,
2204 3036 2371 3095 quem

209 3096 452 3177 Micipsa
466 3105 818 3161 testamento
837 3100 1162 3161 secundum
1182 3100 1466 3160 heredem
1476 3099 1811 3179 scripserat,
1832 3100 2053 3161 morbis
2070 3104 2371 3165 confectus

209 3190 268 3243 et
289 3182 364 3243 ob
387 3204 514 3247 eam
535 3204 808 3249 caussam
833 3195 1029 3245 mente
1054 3185 1318 3265 paullum
1336 3184 1661 3248 imminuta.
1708 3188 1811 3249 Cui
1842 3186 2109 3249 Metellus
2134 3190 2371 3268 petenti.

205 3288 373 3331 more
413 3288 621 3350 regum
647 3278 714 3334 ut
737 3271 937 3333 sellam
964 3271 1124 3332 iuxta
1151 3278 1419 3351 poneret,
1444 3272 1581 3333 item
1613 3284 1821 3353 postea
1844 3273 2146 3335 custodiae
2167 3294 2375 3339 caussa

205 3364 455 3417 turmam
513 3358 770 3437 equitum
817 3358 1245 3432 Romanorum,
1292 3364 1607 3438 utrumque
1668 3368 2010 3437 negaverat;
2062 3360 2373 3425 honorem.

207 3443 369 3520 quod
403 3460 606 3503 eorum
649 3445 830 3505 modo
867 3446 1046 3517 foret,
1086 3462 1238 3523 quos
1275 3447 1528 3525 populus
1570 3445 1869 3506 Romanus
1902 3463 2073 3523 reges
2114 3436 2383 3527 appella-'

205 3526 417 3601 visset,
455 3528 842 3609 praesidium,
883 3530 1042 3609 quod
1079 3532 1569 3594 contumeliosum
1606 3530 1669 3591 in
1710 3548 1813 3591 eos
1854 3532 2029 3606 foret,
2066 3532 2117 3592 si
2146 3532 2370 3614 equites
