2400 3900
48 1047 57 1072 =
189 1022 648 1100 magnitudinem
697 1009 932 1097 populi'
961 1016 1210 1084 Romani
1270 1016 1579 1080 inviolatos
1642 1036 1775 1083 sese
1825 1020 1983 1091 fore,
2037 1019 2358 1083 Adherbali

189 41 274 103 4s
637 21 682 46 “’
884 41 950 102 e.
995 38 1385 104 SALLUSTII
1430 15 1666 104 clusin

188 180 458 227 maxume
475 175 742 240 speranS,
763 153 1002 220 didu‘ota
1015 177 1194 220 manu
1212 159 1488 234 hostium,
1510 170 1611 222 aut
1633 159 1685 220 vi
1708 166 1811 222 aut
1832 158 1983 224 dolis
2000 178 2145 224 sese
2164 179 2367 227 casum

186 247 464 311 victoriae
488 247 882 311 inventurum.
928 245 1102 318 Quod
1127 245 1228 307 ubi
1254 264 1427 308 secus
1452 245 1719 324 procedit
1737 264 1948 325 neque,
1976 248 2141 326 quod
2167 201 2383 366 interi-¹

187 335 374 406 derat,
406 334 640 402 efficere
674 337 887 410 potest,
923 338 986 392 ut
1019 331 1363 412 priusquam
1386 331 1609 410 legatos
1644 332 1984 394 conveniret
2006 333 2361 396 Adherbalis

189 419 508 500 potiretur-3
537 437 612 482 ne
641 417 893 500 amplius
923 418 1210 480 morando
1239 417 1544 491 Scaurum,
1578 436 1752 497 quem
1776 418 2099 497 plurimum
2130 429 2362 482 metue·

191 505 320 580 bat,
365 505 734 577 incenderet,
782 520 915 564 cum
952 503 1156 582 paucis
1193 503 1492 582 equitibus
1533 503 1596 564 in
1630 502 1991 582 provinciam
2021 505 2209 570 venit.
2292 509 2363 568 Ac

191 591 426 656 tametsi
465 589 667 652 Senati
702 588 894 656 verbis
931 606 1136 667 graves
1179 589 1374 652 minae
1399 587 1857 662 nunciabantur,
1906 591 2071 669 quod
2118 591 2199 654 ab
2260 613 2360 672 op-

188 677 550 760 pugnatione
567 694 691 741 non
709 673 1043 749 desisteret,
1085 676 1266 738 multa
1288 685 1484 748 tamen
1504 675 1767 740 oratione
1796 686 2155 756 consumpta
2188 677 2361 760 legati

189 765 406 826 frustra
431 764 782 826 discessere.

315 850 406 912 Ca
419 870 481 932 p
508 848 708 914 XXVI.
753 847 837 908 Ea
863 854 1180 925 postquam
1216 846 1403 910 Cirtae
1427 847 1623 908 audita
1650 854 1817 921 sunt,
1854 847 2071 922 Italici,
2086 867 2359 928 quorum

190 935 398 999 virtute
440 933 672 1000 moenia
715 931 1203 1002 defensabantur,
1259 932 1491 1008 confisi.
1540 933 1841 997 deditione
1878 935 2057 1004 sacta,
2110 944 2359 1014 propter

191 1109 460 1180 suadent,
485 1106 566 1169 uti
590 1121 776 1182 seque
804 1112 862 1164 et
887 1102 1168 1182 oppidum
1190 1102 1503 1181 Iugurthae
1526 1103 1736 1177 tradat,
1757 1111 1981 1169 tantum
1998 1105 2072 1169 ab
2094 1124 2171 1168 eo
2194 1107 2359 1168 vitam

189 1193 546 1272 paciscatur,
599 1190 674 1250 de
709 1189 920 1250 ceteris
957 1189 1196 1252 Senatui
1228 1207 1399 1250 curae
1434 1190 1581 1254 fore.
1648 1194 1723 1252 At
1755 1189 1849 1252 ille
1888 1190 2116 1252 tametsi
2166 1192 2358 1254 omnia

193 1279 422 1358 potiora
457 1276 576 1338 tide
610 1275 928 1352 Iugurthae
961 1275 1219 1348 rebatur,
1254 1282 1449 1336 tamen
1486 1275 1621 1372 quia
1652 1294 1838 1354 penes
1872 1276 2141 1348 eosdem,
2176 1278 2233 1342 si
2258 1279 2359 1339 ad-

190 1370 546 1434 versaretur,
584 1361 833 1439 cogendi
866 1370 1128 1438 potestas
1161 1370 1305 1433 erat,
1342 1361 1438 1434 ita,
1478 1361 1563 1422 uti
1592 1369 1945 1426 censuerant
1964 1361 2167 1436 Italici,
2196 1364 2361 1426 dedi·

190 1449 412 1510 tionem
445 1447 598 1508 facit.
663 1445 941 1524 Iugurtha
978 1445 1038 1506 in
1077 1445 1285 1524 primis
1320 1446 1707 1509 Adherbalem
1746 1447 2147 1514 excruciatum
2174 1459 2389 1530 necat„

197 1532 412 1600 deinde
463 1531 656 1597 omnis
702 1531 960 1612 puberes
997 1530 1279 1593 Numidas
1316 1537 1376 1591 et
1420 1531 1817 1610 negotiatores
1856 1534 2232 1614 promiscue,
2288 1536 2363 1598 uti

193 1616 440 1698 quisque
471 1627 730 1682 armatus
751 1618 958 1683 obvius
981 1618 1186 1688 fuerat,
1208 1616 1519 1686 interiecit.
1548 1669 1565 1680 ι

173 1781 180 1788 ⁷
322 1705 410 1766 Ca
418 1723 483 1787 p.
507 1705 750 1772 xxvii..
779 1703 952 1776 Q'uod
985 1711 1297 1782 postquam
1330 1703 1549 1766 Romae
1582 1703 1881 1782 cognitum
1922 1710 2041 1776 est,
2072 1715 2133 1766 et
2168 1723 2274 1768 res
2310 1706 2362 1766 in

196 1791 418 1854 Senatu
435 1790 640 1868 agitari
667 1790 880 1868 coepit,
905 1788 1064 1853 idem
1085 1788 1166 1850 illi
1188 1788 1438 1852 ministri
1450 1788 1611 1868 regis
1630 1789 2060 1870 interpellando
2084 1807 2157 1850 ac
2182 1809 2363 1872 saepe

194 1876 395 1957 gratia,
413 1875 704 1940 interdum
722 1874 923 1952 iurgiis
942 1875 1229 1934 trahendo
1247 1880 1499 1954 tempuS,
1517 1875 1877 1939 atrocitatem
1894 1875 2029 1941 facti
2042 1874 2389 1940 leniebant⁶

191 1965 278 2025 Ac
303 1963 364 2023 ni
387 1963 450 2025 C.
483 1962 814 2033 Memmius„
847 1959 1116 2024 tribunus
1139 1960 1329 2040 plebis
1356 1962 1713 2040 designatuS,
1748 1964 1833 2025 vir
1854 1980 1991 2025 acer
2026 1967 2085 2023 et
2106 1932 2391 2097 infestus]

156 2064 164 2081 ⁸
190 2048 491 2127 potentiae
515 2046 848 2114 nobilitatis,
874 2044 1155 2125 populum
1188 2045 1519 2108 Romanum
1544 2048 1899 2127 edocuisset,
1933 2048 1994 2110 id
2016 2048 2129 2125 agi,
2166 2057 2243 2111 ut
2268 2069 2387 2129 per>

193 2151 418 2213 paucos
453 2134 732 2197 factiosos
762 2133 1076 2210 Iugurthae
1123 2131 1320 2193 scelus
1366 2132 1825 2207 condonaretur,
1870 2135 2137 2213 profecto
2174 2136 2364 2197 omnis

193 2218 410 2281 invidia
428 2218 790 2300 prolatandis
811 2216 1336 2281 consultationibus
1357 2218 1577 2297 dilapsa
1604 2220 1773 2282 foret.
1821 2220 2011 2281 Tanta
2032 2219 2120 2281 vis
2146 2222 2365 2297 gratiae

193 2312 370 2386 atque
411 2306 698 2387 pecuniae
733 2304 892 2385 regis
932 2311 1078 2368 erat.
1159 2304 1279 2365 Sed
1318 2302 1418 2365 ubi
1458 2304 1705 2367 Senatus
1760 2304 1953 2367 delicti
2002 2307 2390 2377 conscientia<

193 2392 482 2471 populum
536 2393 732 2464 timet,
784 2392 916 2469 lege
955 2389 1310 2468 Sempronia
1362 2390 1692 2469 provinciae
1740 2391 1953 2455 futuris
2004 2388 2390 2475 Consulibus}

194 2476 466 2542 Numidia
491 2488 664 2556 atque
689 2477 849 2540 Italia
875 2478 1184 2551 decretae3
1206 2476 1491 2539 Consules
1501 2476 1785 2538 ‘declarati
1806 2478 1873 2539 P.
1898 2476 2095 2555 Scipio
2128 2476 2390 2547 Nasicam

192 2562 258 2627 1..
286 2560 484 2625 Bestia
519 2562 902 2640 Calpurnius;
941 2562 1253 2642 Calpurnio
1286 2562 1574 2633 Numidia,
1612 2562 1875 2642 Scipioni
1906 2562 2069 2623 Italia
2104 2562 2366 2627 obvenit.

197 2647 412 2712 deinde
439 2645 748 2719 exercitus,
791 2647 891 2726 qui
923 2648 984 2709 in
1007 2648 1265 2710 Africam
1296 2656 1645 2726 portaretur.
1684 2648 1971 2720 scribitur,
2002 2647 2369 2727 stipendium

195 2734 442 2815 aliaque,
469 2752 617 2812 quae
641 2732 798 2798 bello
823 2732 955 2795 usui
983 2734 1194 2806 forent,
1226 2732 1643 2795 decernuntur.

323 2821 486 2900 Cap.
511 2820 764 2883 XXVIII.
807 2822 884 2892 At
899 2819 1195 2897 Iugurtha,
1216 2825 1423 2882 contra
1438 2836 1613 2898 spem
1628 2837 1845 2881 nuncio
1864 2831 2123 2897 accepto.
2144 2836 2390 2901 (puppe¹

199 2906 295 2967 cui
323 2906 548 2971 Romae
581 2905 780 2969 omnia
812 2922 1024 2969 venum
1052 2904 1140 2967 ire
1169 2903 1235 2965 in
1269 2904 1463 2967 animo
1502 2905 1793 2978 haeserat,
1835 2904 2015 2967 fllium
2044 2911 2102 2965 et
2127 2922 2281 2967 cum
2308 2909 2389 2967 eo‘

198 2990 352 3054 duos
395 2988 690 3068 familiaris
726 2992 806 3053 ad
841 2992 1122 3053 Senatum
1165 2990 1393 3069 legatos
1434 2990 1627 3063 mittit,
1678 2990 1885 3071 hisque
1919 3000 1985 3055 ut
2016 2990 2163 3064 illis,
2214 3011 2376 3072 quos

197 3075 534 3155 Hiempsale
563 3080 872 3141 interfecto
907 3077 1176 3149 miserat,
1213 3075 1539 3157 praecepit,
1582 3076 1776 3139 omnis
1816 3077 2073 3141 mortalis
2111 3079 2376 3155 pecunia

197 3162 630 3240 aggrediantur.
675 3164 789 3238 Qui
811 3171 1122 3244 postquam
1146 3162 1396 3227 Romam
1412 3162 1823 3239 adventabant,
1846 3164 2151 3227 Senatusa
2168 3163 2376 3225 Bestia

196 3247 502 3313 consultus
525 3257 635 3321 est,
666 3251 999 3329 placeretne
1023 3248 1253 3327 legatos
1274 3249 1589 3327 Iugurthae
1606 3250 1791 3331 recipi
1816 3249 2129 3313 moenibus
2148 3268 2173 3323 3
2207 3249 2376 3329 iique

197 3334 544 3398 deerevere:
567 3336 683 3397 nisi
702 3354 946 3415 regnum
967 3334 1277 3415 ipsumque
1300 3334 1561 3399 deditum
1585 3337 1903 3411 venissent,
1946 3335 2030 3399 uti
2060 3334 2123 3397 in
2148 3334 2373 3397 diebus

197 3420 502 3499 proxumis
523 3420 730 3485 decem
753 3423 916 3487 Italia
949 3420 1323 3485 decederent.
1369 3422 1589 3485 Consul
1608 3422 1880 3485 Numidis
1916 3440 1989 3483 ex
2014 3420 2223 3483 senati
2260 3422 2390 3501 de-,f

203 3516 366 3573 creto
401 3507 670 3573 nunciat-i
701 3508 882 3584 iubet,
917 3507 998 3571 ita
1031 3506 1265 3571 infectis
1300 3508 1481 3573 rebus
1510 3506 1596 3571 illi
1617 3508 1859 3571 domum
1882 3504 2217 3571 discedunt.
2266 3506 2372 3569 In·-
