2400 3900
745 75 1060 138 smum
1103 93 1156 138 c.
1181 51 1476 136 λιι-κει).
2134 77 2229 142 ⁴23

54 199 317 264 -animos
343 197 615 258 [ὠκεῖαι
653 202 715 254 ιιι
739 193 822 254 illi
847 193 1070 256 facinus
1094 191 1355 273 periculo
1384 146 1765 270 eriperentur.
1810 195 1929 256 Sed
1962 196 2063 256 ubi
2087 197 2229 260 Tar-

75 285 320 364 quinins
341 284 616 344 Crassum
649 279 985 351 neminavit,
1031 279 1345 343 hominem
1368 277 1643 354 nobilem,
1682 280 1969 342 maxumis
2002 281 2229 358 divitiis,

53 387 312 433 summa
343 363 628 448 potentia,
667 365 766 426 alii
800 384 933 427 rem
970 363 1373 428 incredibilem
1410 361 1539 434 rati,
1587 384 1721 444 pars
1763 367 1997 428 tametsi
2032 385 2232 449 verum

75 454 514 518 existumabant
529 462 732 514 tamen
747 453 882 529 quia
901 452 971 512 in
989 451 1088 511 tali
1110 453 1558 528 tempsi-emta
1582 451 1670 511 vis
1688 452 1940 514 hominis
1958 439 2233 516 leniunda

51 559 263 621 ¹quam
303 538 642 618 exagitanda
683 537 1006 610 videbatur,
1050 535 1316 616 plerique
1346 533 1561 596 Crasso
1605 555 1684 598 ea
1712 538 1961 616 negotiis
1993 539 2251 617 privatis⁸

73 627 324 688 obnoxii
359 625 746 696 conclamant,
787 623 1042 684 indicem
1083 621 1291 682 falsum
1330 637 1483 693 esse,
1518 621 1708 700 deque
1739 641 1902 684 care
1934 627 2233 704 postulant

75 713 170 774 uti
193 713 496 794 referatur.
535 710 740 786 itaque
768 707 1115 778 consulente
1141 707 1419 767 Cieemne
1446 707 1726 785 trequens
1750 709 2001 770 Senatus
2026 711 2231 774 decerp-

75 799 188 871 nit‚
228 796 532 876 Tarquinii
559 792 848 854 indicium
869 795 1078 854 fulsum
1114 793 1297 854 videri
1333 809 1584 871 eumque
1608 793 1672 854 in
1698 794 1945 855 vinculis
1974 797 2233 860 retinen-

75 885 486 959 dum‚=neque
527 878 776 957 amplius
809 886 1158 959 potestatem
1191 878 1527 940 faciundam
1560 879 1677 940 nisi
1710 880 1784 940 de
1824 897 1895 940 eo
1932 879 2231 956 indicaret,

77 969 254 1030 cuius
285 964 528 1028 coasilio
565 971 786 1024 tantmn
823 983 950 1025 rem
986 973 1148 1026 esset
1181 963 1474 1025 mentitus.
1526 965 1710 1026 Erant
1745 984 1815 1026 eo
1842 973 2111 1044 tempore
2134 969 2235 1046 qni

79 1053 508 1115 existumarent
527 1050 804 1112 indicium
821 1051 965 1112 illud
990 1069 1022 1110 a
1045 1052 1112 1128 Ρ,
1133 1049 1415 1115 Autronio
1434 1051 1845 1124 machinatum,
1871 1068 1985 1129 quo
2010 1049 2235 1114 facilius

80 1138 378 1219 appellato
403 1139 612 1198 Crasso
637 1155 746 1215 per
767 1137 1106 1198 societatem
1129 1135 1371 1214 periculi
1400 1135 1657 1214 reliquos
1680 1137 1834 1198 illius
1868 1137 2130 1215 potentia
2148 1147 2236 1198 te·-

81 1233 270 1303 geret.
325 1223 432 1285 Alii
455 1221 832 1300 Tarquinium
861 1241 896 1282 a
929 1222 1211 1282 Cicerone
1240 1220 1567 1282 immissum
1602 1223 1853 1295 aiebant,
1890 1239 1967 1283 ne
1992 1224 2235 1284 Crassus

81 1327 260 1371 more
283 1328 390 1369 suo
427 1314 704 1385 suscepto
729 1306 1012 1368 malorum
1040 1305 1365 1386 patrocinio
1390 1307 1807 1386 rempublicam
1841 1307 2234 1372 contin-haret.

83 1397 288 1474 Ipsum
311 1395 586 1456 Crassum
611 1410 720 1470 ego
744 1401 948 1470 postea
971 1393 1403 1472 praedicantem
1428 1394 1639 1466 audivi,
1672 1398 1891 1455 tantam
1912 1393 2071 1456 illam
2092 1412 2233 1459 con-

84 1479 386 1542 tumeliam
410 1478 522 1540 sibi
545 1478 620 1538 ab
646 1478 926 1540 Cicerone
957 1479 1315 1560 impositam.

219 1564 590 1643 Cap.XL1X,
631 1563 746 1624 Sed
767 1563 975 1626 iisdem
993 1563 1359 1644 temporibus
1378 1564 1451 1635 Q.
1464 1563 1697 1626 Catulus
1718 1563 2003 1626 etC.Piso
2026 1565 2235 1644 [neque

87 1650 386 1731 precibus]
404 1649 826 1728 neque—pretio
860 1653 1050 1730 neque
1077 1650 1256 1728 gmtia
1282 1648 1625 1710 Ciceronem
1648 1650 1947 1728 impellere
1971 1658 2238 1730 potuere,

85 1737 178 1798 uti
199 1753 308 1814 per
327 1736 676 1812 Allobroges
713 1743 816 1794 aut
833 1734 1005 1797 alium
1036 1735 1291 1802 indicem
1312 1733 1371 1796 C.
1402 1734 1617 1795 Caesar
1642 1734 1789 1794 falso
1812 1734 2236 1798 nominaretur.

88 1824 236 1882 Nam
276 1830 526 1898 uterque
559 1821 704 1880 ‘cum
747 1819 843 1881 illo
892 1839 1100 1897 graves
1137 1818 1465 1880 inimicitias
1515 1820 1842 1880 exercebat.
1934 1820 2071 1882 Piso
2127 1840 2235 1900 op-

83 1916 383 1985 pugnatus
419 1906 480 1967 in
515 1904 727 1967 iudicio
763 1906 1140 1985 pecuniarum
1177 1907 1637 1986 repetundarum
1667 1914 1911 1986 propter
1932 1907 2237 1969 cuiusdam

87 1991 498 2069 Transpadani
525 1991 870 2071 supplicium
892 1992 1187 2066 iniustum,
1216 1992 1448 2053 Catulus
1468 2011 1536 2053 ex
1558 1993 1838 2072 petitione
1866 1992 2237 2072 pontificatus

89 2078 230 2137 odio
264 2077 560 2152 incensus,
597 2078 758 2156 quod
783 2090 1041 2139 extrema
1071 2086 1263 2138 aetate
1296 2079 1581 2139 maxumis
1618 2078 1955 2149 honoribus*
1982 2098 2126 2140 usus
2162 2078 2236 2141 ab

87 2163 530 2227 adulescentulo
559 2163 806 2225 Caesare
853 2164 1038 2226 victus
1081 2164 1449 2229 discesserat.
1514 2164 1629 2225 Res
1673 2174 1865 2225 autem
1908 2174 2240 2245 opportuna

87 2249 412 2321 videbatur,
457 2248 617 2327 quod
651 2249 702 2309 is
725 2250 990 2328 privatim
1017 2250 1248 2327 egregia
1278 2248 1633 2323 liberalitate,
1680 2248 1913 2328 publice
1946 2250 2237 2315 maxumis

87 2335 434 2395 muneribus
453 2334 730 2411 grandem
759 2335 1067 2412 pecuniam
1091 2334 1367 2395 debebat.
1410 2334 1525 2393 Sed
1548 2334 1649 2395 ubi
1674 2334 2083 2395 Consulem-ad
2106 2341 2237 2396 tan-

87 2432 214 2480 tum
241 2419 466 2479 facinus
481 2418 786 2496 impellere
803 2426 1119 2497 nequeunt,
1139 2418 1253 2497 ipsi
1273 2417 1603 2495 singulatim
1625 2418 2041 2481 circumeundo
2066 2426 2239 2500 atque

87 2504 490 2575 ementiundo,
509 2521 658 2581 quae
677 2522 742 2564 se
761 2523 831 2565 ex
852 2504 1144 2565 Volturcio
1163 2512 1265 2564 aut
1282 2502 1688 2581 Allobrogibus
1704 2505 1942 2567 audisse
1960 2506 2237 2579 dicerent,

89 2675 356 2749 Romani,
375 2676 473 2755 qui
485 2676 764 2755 pnesidii
783 2694 996 2737 caussa
1013 2694 1148 2737 cum
1169 2676 1301 2736 telis
1325 2685 1490 2737 erant
1509 2677 1725 2739 circum
1750 2679 1956 2738 aedem
1976 2678 2238 2739 Concor·-

91 2762 243 2834 diae
277 2780 384 2823 seu
411 2762 660 2841 ‚periculi
693 2760 1092 2843 magnitudine
1129 2780 1237 2823 seu
1270 2762 1447 2823 animi
1474 2762 1779 2825 nobilitate
1814 2762 2067 2843 impulsi,
2120 2780 2236 2840 que
2360 2826 2362 2835 ,

90 2847 350 2909 studium
385 2866 554 2909 suum
581 2848 642 2909 ιιι
663 2847 1084 2929 rempublicam
1109 2848 1319 2963 clarius
1344 2858 1521 2922 esset,
1557 2849 1880 2927 egredienti
1913 2866 1983 2908 ex
2012 2847 2237 2911 Senatu
2360 2846 2362 2851 ’

91 2933 326 2996 Caesari
355 2932 544 3012 gladio
565 2935 988 2997 mutilarentur.
2355 2970 2358 2979 ·

217 3018 379 3099 Cap.
403 3020 468 3081 L.
511 3020 660 3081 Dum
705 3022 852 3083 haec
889 3021 950 3083 in
994 3020 1213 3081 Senatu
1260 3028 1513 3098 aguntur
1562 3028 1621 3081 et
1658 3019 1799 3079 dum
1836 3018 2041 3096 legatis
2080 3018 2237 3081 Allo-
2340 3046 2355 3055 ·

89 3105 340 3183 brogum
367 3113 428 3166 et
454 3104 583 3165 Tito
605 3106 917 3179 Volturcio,
949 3105 1330 3184 comprobato
1362 3123 1565 3167 eorum
1588 3102 1825 3176 indicio,
1853 3105 2110 3182 praemia
2134 3106 2239 3172 de-
2354 3138 2356 3159 2

91 3200 428 3263 cernuntur,
475 3190 668 3251 liberti
702 3199 762 3251 et
781 3192 952 3273 pauci
973 3210 1043 3253 ex
1064 3191 1373 3252 clientibus
1395 3191 1621 3254 Lentuli
1657 3189 1906 3252 divorsis
1930 3189 2237 3253 itineribus
2352 3229 2354 3256 l

90 3274 332 3355 opifices
373 3285 550 3355 atque
591 3276 821 3338 servitia
852 3276 918 3339 in
955 3277 1100 3339 vicis
1138 3276 1215 3337 ad
1256 3296 1388 3339 eum
1432 3276 1794 3355 eripiendum
1826 3276 2238 3352 sollicitabantg
2350 3284 2352 3321 ῑ

91 3362 300 3441 partim
335 3362 718 3442 exquirebant
752 3364 936 3425 duces
970 3363 1422 3436 multitudinum,
1462 3361 1561 3443 qui
1593 3362 1781 3442 pretio
1820 3362 2237 3443 rempublicam
2348 3398 2350 3409 ·

91 3466 302 3509 vexare
337 3448 490 3511 soliti
527 3459 710 3511 erant.
775 3448 1062 3528 Cethegus
1095 3456 1289 3511 autem
1332 3468 1440 3529 per
1473 3449 1722 3510 nuncios
1756 3449 2030 3510 familiam
2065 3454 2249 3527 atque,
2346 3470 2348 3499 2

95 3534 338 3599 libertos
375 3553 538 3625 suos,
570 3536 760 3597 lectos
789 3544 850 3595 et
881 3538 1226 3598 exercitatos
1258 3534 1325 3597 in
1354 3536 1675 3610 audaciam,
1712 3535 1931 3635 orabat²
1964 3540 2028 3594 ut
2061 3550 2237 3613 grege

2196 3812 2343 3861 A—
