2400 3900
176 112 313 173 ‘50¹
863 111 924 171 C.
971 109 1356 172 SALLUSTII
1404 109 1645 172 CRISPI
1696 110 1709 120 ”

179 233 458 314 populum
493 231 568 291 ad
601 227 1008 289 vindicandum
1041 226 1289 298 hortari;
1333 244 1603 298 monere,
1639 245 1714 288 ne
1748 225 2178 306 rempublicam
2198 272 2219 300 ,
2265 246 2335 286 ne

177 319 499 379 libertatem
538 332 706 376 suam
745 315 1110 386 desererent,
1149 311 1328 372 multa
1380 312 1633 394 superba
1670 322 1726 372 et
1771 311 2024 374 crudelia
2061 311 2337 373 facinora

175 401 491 464 nobilitatis
528 399 866 472 ostendere,
900 416 1143 478 prorsus
1179 397 1434 461 intentus
1471 397 1628 458 omni
1651 399 1830 458 modo
1857 395 2041 478 plebis
2062 397 2337 458 animum

179 487 554 548 accendebat.
599 485 716 545 Sed
741 485 1016 563 quoniam
1048 502 1118 545 ea
1145 489 1487 564 tempestate
1508 483 1729 544 Romae
1760 481 2015 544 Memmii
2047 481 2337 544 facundia

178 573 330 634 clara
354 572 698 651 pollensque
723 569 846 643 fuit,
879 569 1090 630 decere
1126 567 1481 642 existumavi,
1524 585 1696 628 unam
1724 587 1794 629 ex
1819 578 1935 630 tam
1968 567 2175 629 multis
2203 587 2337 628 ora-

175 655 393 719 tionem
412 656 536 718 eius
555 655 938 736 perscribere,
965 670 1034 714 ac
1055 653 1440 733 potissumum
1466 671 1533 714 ea
1551 647 1758 729 dicam,
1786 673 1933 733 quae
1954 651 2017 716 in
2042 653 2335 714 concione

175 750 313 824 post
334 742 583 802 reditum
613 740 842 802 Bestiae
865 737 1271 800 huiuscemodi
1298 738 1488 801 verbis
1512 738 1813 800 disseruit:

307 827 464 908 Cap.
492 825 697 888 XXXI.
739 824 958 900 „Multa
991 840 1086 884 me
1123 823 1509 885 dehortantur
1529 843 1564 884 a
1595 823 1779 900 vohiS,
1806 821 2081 896 QuiriteS,
2112 823 2181 883 ni
2208 831 2334 884 stu-

180 911 337 974 dium
370 911 720 992 reipuhlicae
755 909 948 972 omnia
982 919 1248 988 superet:
1289 913 1433 988 opes
1473 908 1763 984 factionis,
1795 919 1991 970 vostra
2024 908 2332 988 patientia,

177 993 269 1058 ius
287 998 525 1072 nullum,
550 1014 618 1055 ac
639 1012 905 1058 maxume
930 996 1086 1074 quod
1111 991 1480 1054 innocentiae
1504 993 1637 1073 plus
1662 993 1908 1076 periculi
1926 1011 2101 1073 quam
2126 993 2327 1054 hono-

177 1081 262 1144 ris
299 1092 404 1144 est.
449 1081 590 1142 Nam
627 1079 721 1140 itla
761 1080 996 1159 quidem
1033 1079 1194 1160 piget
1227 1078 1437 1152 dicere,
1464 1077 1557 1138 his
1594 1079 1762 1140 annis
1789 1077 2121 1159 quindecim
2154 1097 2329 1158 quam

177 1167 430 1229 ludibrio
460 1164 682 1227 fueritis
711 1164 1018 1245 superbiae
1059 1179 1399 1246 paucorum,
1435 1181 1605 1242 quam
1637 1165 1809 1224 foede
1840 1182 2131 1244 quamque
2156 1163 2327 1225 inulti

179 1252 459 1332 perierint
495 1249 676 1311 vostri
713 1251 1074 1326 defensoreS,
1111 1257 1174 1311 ut
1206 1248 1373 1310 ‘vobis
1406 1248 1632 1310 animus
1663 1249 1737 1310 ab
1770 1249 1992 1328 ignavia
2016 1258 2198 1328 atque
2228 1269 2327 1309 so-

179 1338 380 1398 cordia
405 1342 713 1413 corruptus
737 1335 829 1407 sit,
857 1335 954 1414 qui
978 1353 1054 1394 ne
1075 1353 1236 1395 nunc
1256 1331 1507 1414 quidem,
1532 1333 1798 1396 obnoxiis
1821 1333 2090 1408 inimiciS,
2117 1353 2328 1395 exsur-

180 1420 328 1500 gitis,
356 1429 530 1500 atque
565 1418 739 1480 etiam
763 1437 923 1480 nunc
941 1417 1158 1494 timetis
1184 1434 1308 1492 eoS,
1331 1418 1544 1499 quibus
1571 1419 1735 1480 decet
1754 1419 1966 1480 terrori
2001 1437 2159 1502 esse,
2211 1421 2327 1480 Sed

181 1523 535 1584 quamquam
567 1505 716 1565 haec
755 1503 888 1564 talia
919 1509 1081 1576 sunt,
1109 1509 1305 1564 tamen
1341 1495 1569 1564 obviam
1604 1503 1690 1564 ire
1722 1503 1987 1566 factionis
2022 1505 2327 1586 potentiae
2380 1515 2387 1532 ·

181 1589 408 1651 animus
437 1589 678 1670 subigit;
715 1598 870 1650 certe
902 1606 1008 1668 ego
1027 1589 1371 1662 libertatem,
1392 1605 1539 1666 quae
1557 1587 1699 1648 mihi
1724 1609 1757 1672 a
1777 1595 2019 1670 parente
2044 1607 2186 1650 meo
2210 1601 2326 1651 tra-

179 1674 296 1736 dita
329 1685 448 1750 est,
489 1676 782 1758 experiar3
816 1689 1016 1736 verum
1051 1674 1111 1735 id
1145 1676 1357 1734 frustra
1390 1691 1464 1736 an
1500 1673 1574 1735 ob
1611 1691 1736 1734 rem
1770 1676 1995 1750 faciam,
2026 1676 2091 1747 in
2123 1683 2326 1735 vostra

177 1778 356 1823 manu
394 1760 566 1824 situm
598 1772 704 1835 est,
731 1759 1007 1833 Quirites,
1049 1759 1251 1838 Neque
1293 1777 1402 1838 ego
1438 1777 1544 1818 vos
1566 1759 1789 1833 hortor,
1818 1759 1972 1839 quod
2001 1777 2184 1838 saepe
2204 1779 2327 1820 ma-

175 1845 334 1908 iores
363 1847 546 1910 vostri
579 1847 790 1918 fecere,
830 1851 894 1906 ut
927 1851 1126 1904 contra
1161 1843 1401 1905 iniurias
1440 1844 1643 1906 armati
1672 1845 1834 1910 eatis.
1880 1841 2033 1905 Nihil
2068 1843 2143 1918 vi,
2184 1845 2326 1906 nihil

179 1931 518 1995 secessione
536 1950 686 2011 opus
705 1942 825 2004 esu
848 1947 1093 1991 necesse
1113 1936 1219 2003 est,
1246 1935 1477 1990 suomet
1490 1929 1603 2009 ipsi
1620 1950 1783 1992 more
1802 1926 2151 2027 praecipites
2175 1939 2328 1992 eant.

181 2016 391 2077 Occiso
418 2015 651 2077 Tiberio
677 2015 958 2088 Graccho,
1001 2032 1169 2093 quem
1208 2032 1453 2092 regnum
1490 2032 1697 2094 parare
1731 2016 1979 2089 aiebant,
2006 2033 2066 2075 m
2087 2015 2327 2095 plebem
2386 2078 2391 2095 ,

175 2100 499 2163 Romanam
535 2100 910 2180 quaestiones
940 2116 1141 2177 graves
1172 2099 1403 2159 habitae
1438 2108 1595 2160 sunt.
1638 2100 1779 2161 Post
1814 2096 1877 2162 C.
1900 2100 2143 2162 Gracchi
2166 2112 2231 2162 et
2258 2102 2329 2163 M.

177 2186 364 2249 Fulvii
393 2187 634 2249 caedem
671 2185 810 2246 item
835 2184 1009 2245 vestri
1041 2184 1262 2245 ordinis
1294 2184 1458 2245 multi
1483 2187 1757 2247 mortales
1788 2184 1849 2246 in
1874 2202 2109 2247 carcere
2136 2189 2331 2249 necati

2378 1904 2389 1920 b

181 2280 350 2349 sunt3
384 2273 689 2352 utriusque
722 2269 900 2332 cladis
943 2287 1063 2330 non
1101 2268 1195 2329 lex
1230 2286 1431 2331 verum
1452 2268 1664 2332 ‘lubido
1708 2288 1912 2333 eorum
1946 2272 2130 2331 finem
2170 2274 2331 2334 fecit.
2388 2344 2390 2347 Α

179 2358 298 2420 Sed
348 2376 491 2419 sane
521 2356 693 2419 fuerit
725 2354 893 2434 regni
921 2354 1142 2435 paratio
1176 2353 1334 2435 plebi
1372 2372 1476 2417 sua
1507 2356 1844 2429 restituere,
1890 2354 2165 2436 quicquid
2202 2358 2331 2419 sine
2377 2363 2390 2417 ‘1

181 2442 464 2519 sanguine
509 2443 719 2503 civium
763 2440 964 2502 ulcisci
1011 2440 1309 2519 nequitur,
1362 2440 1489 2501 iure
1508 2440 1725 2504 factum
1761 2441 1853 2502 sit.
1910 2440 2332 2525 Superioribus

181 2526 348 2587 annis
401 2524 559 2586 taciti
611 2524 1064 2602 indignabamini
1121 2525 1403 2586 aerarium
1456 2526 1722 2605 expilari,
1768 2532 1939 2604 reges
1980 2534 2037 2587 et
2068 2528 2332 2605 populos

179 2611 400 2671 liberos
427 2608 630 2691 paucis
659 2608 951 2669 nobilibus
990 2611 1232 2687 vectigal
1259 2610 1545 2689 pendere,
1582 2608 1769 2690 penes
1800 2612 2045 2673 eosdem
2072 2617 2134 2672 et
2162 2630 2335 2689 sum-

181 2715 335 2758 mam
375 2694 614 2775 gloriam
642 2701 700 2754 e't
723 2709 1020 2754 maxumas
1063 2694 1287 2755 divitias
1311 2712 1474 2769 esse3
1503 2704 1703 2757 >tamen
1728 2696 1875 2757 haec
1896 2694 2033 2758 talia
2066 2698 2332 2759 facinora

180 2782 421 2863 impune
449 2778 784 2857 suscepisse
828 2794 1032 2859 parum
1057 2778 1344 2840 habuere.
1370 2772 1601 2860 ‘Itaque
1642 2787 1939 2865 postremo
1978 2782 2171 2860 legeS,
2203 2802 2334 2844 ma-

179 2867 358 2929 iestas
377 2876 588 2939 vostra,
616 2864 809 2926 divina
830 2873 889 2927 et
909 2865 1159 2926 humana
1183 2864 1377 2926 omnia
1396 2864 1661 2927 hostibus
1682 2866 1893 2930 tradita
1919 2875 2076 2929 sunt.
2120 2868 2334 2948 Neque
2370 2910 2390 2927 i>

183 2968 308 3021 eos,
347 2952 447 3031 qui
475 2971 542 3014 ea
577 2952 788 3024 fecere,
813 2950 997 3031 pudet
1027 2960 1126 3011 aut
1141 2952 1419 3030 poenitet,
1444 2952 1548 3011 sed
1572 2951 1855 3013 incedunt
1872 2970 1983 3033 per
2005 2968 2107 3013 ora
2132 2964 2335 3015 vostra

179 3037 490 3115 magnifice
531 3036 852 3099 sacerdotia
879 3045 960 3112 ,et
997 3038 1360 3109 consulatus,
1392 3054 1529 3117 pars
1559 3036 1887 3118 triumphos
1933 3056 2076 3099 suos
2120 3048 2335 3101 osten—

179 3129 390 3196 tantes,
427 3122 676 3202 perinde
707 3123 870 3201 quasi
906 3138 974 3181 ea
1014 3122 1223 3183 honori
1256 3139 1377 3182 non
1404 3122 1656 3201 praedae
1680 3122 1953 3185 habeant.
1999 3124 2165 3185 Servi
2192 3144 2335 3186 aere

181 3206 366 3286 parati
401 3207 614 3269 iniusta
639 3208 880 3287 imperia
919 3206 1289 3268 dominorum
1316 3224 1433 3267 uon
1467 3209 1785 3287 perferunt,
1816 3223 1939 3283 vos,
1968 3208 2248 3283 Quirites,
2270 3210 2330 3271 in

179 3291 428 3372 imperio
463 3294 600 3367 nati,
635 3310 823 3372 aequo
859 3293 1054 3353 auimo
1079 3293 1407 3353 servitutem
1430 3293 1710 3356 toleratis.
1755 3296 1828 3355 At
1852 3294 1949 3373 qui
1975 3300 2116 3356 sunt
2136 3294 2198 3370 ii,
2228 3297 2330 3375 qui

182 3376 602 3460 rempublicam
627 3374 1034 3457 occupavere?
1065 3377 1333 3457 homines
1354 3379 1821 3451 sceleratissumi,
1851 3379 2105 3443 cruentis
2130 3384 2328 3442 mani-

182 3462 316 3538 bus,
338 3464 572 3526 immani
597 3462 848 3539 avaritia,
873 3464 1295 3525 nocentissumi
1316 3464 1609 3543 iidemque
1640 3463 2083 3543 superbissumi,
2108 3466 2325 3544 quibus
2375 3472 2390 3500 ·‘

179 3548 360 3625 fides,
405 3550 612 3622 decus,
656 3548 872 3630 pietas,
919 3556 1219 3628 postremo
1254 3550 1501 3611 honesta
1546 3557 1723 3627 atque
1769 3548 2091 3611 inhonesta·
2124 3550 2325 3612 omnia
