2400 3900
674 83 884 148 BELL.
930 83 1293 146 IUGURTII.
1338 101 1387 142 c.
1423 81 1710 144 10-13,
2176 87 2255 148 39

70 219 72 224 ’
109 209 173 267 ιιι
217 213 424 285 pectus
460 205 774 284 Iugurthae
801 203 992 275 altius,
1033 220 1207 280 quam
1232 201 1538 280 quisquam
1574 215 1734 265 ratus
1761 215 1901 270 erat,
1936 206 2259 272 descendit.

107 293 311 370 Itaque
345 309 415 352 ex
441 309 507 352 ec
550 300 816 369 tempore
840 289 926 351 ira
961 297 1019 349 et
1049 295 1211 348 metu
1234 289 1440 347 anxius
1468 290 1674 364 moliri,
1715 309 1940 370 parare,
1978 300 2151 372 atque
2190 312 2260 354 ea

107 379 296 438 modo
323 377 518 438 animo
538 375 773 450 habere,
804 375 1014 454 quibus
1041 374 1343 452 Hiempsal
1366 391 1475 452 per
1493 374 1691 437 dolum
1727 384 2052 456 caperetur.
2097 378 2261 451 Quae

106 464 212 524 ubi
241 463 468 524 tardius
507 463 837 542 procedunt
871 477 1064 540 neque
1099 459 1315 521 lenitu'r
1346 459 1576 521 animus
1607 463 1787 535 ferox,
1822 465 2019 524 statuit
2055 466 2260 543 quovis

101 550 286 610 modo
305 548 604 628 inceptum
627 549 929 628 perlicere.

237 635 396 714 Cap.
421 635 548 696 XII.
592 634 789 695 Primo
815 638 1128 705 conventu,
1151 648 1327 710 quem
1351 630 1425 692 ab
1447 579 1663 709 regulis
1689 631 1903 694 sactum
1925 652 2107 715 supra
2132 653 2263 697 me-

102 720 348 792 moravi,
381 727 630 800 propter
661 719 1093 780 dissensionem
1135 715 1435 796 placuerat
1464 716 1642 777 dividi
1674 717 1979 779 thesauros
2010 722 2263 802 finisque

100 806 338 904 imperii
362 804 608 883 singulis
633 803 928 866 constitui.
987 801 1186 902 Itaque
1210 811 1445 882 tempus
1472 803 1546 862 ad
1572 810 1881 881 utramque
1905 823 2029 866 rem
2055 807 2265 869 decer-

101 893 283 965 nitur,
315 892 422 952 sed
449 889 734 952 maturius
759 891 834 950 ad
868 889 1172 969 pecuniam
1199 888 1681 950 distribuendam.
1726 889 1934 966 Reguli
1956 891 2264 957 inteream

99 979 234 1038 loca
268 975 600 1056 propInqua
637 977 927 1037 thesauris
961 974 1108 1036 alius
1145 973 1259 1034 alio
1300 993 1671 1036 concessere.
1728 976 1859 1036 Sed
1883 975 2265 1056 Hiempsalin

103 1062 332 1142 oppido
369 1062 666 1123 Thirmida
699 1064 850 1124 forte
887 1061 1014 1122 eius
1051 1062 1229 1122 domo
1269 1051 1558 1133 utebatur,
1606 1058 1709 1139 qui
1744 1079 2064 1140 proxumus
2096 1063 2265 1127 lictor

101 1148 424 1228 Iugurthae
465 1165 634 1210 carus
675 1156 1074 1243 acceptusque
1114 1145 1167 1206 ei
1215 1163 1453 1225 semper
1496 1147 1707 1212 fuerat,
1766 1165 1938 1244 quem
1981 1148 2077 1209 ille
2124 1167 2263 1212 casu

99 1233 436 1295 ministrum
491 1233 750 1295 oblatum
801 1232 1110 1312 promissis
1156 1242 1360 1291 onerat
1396 1232 1773 1311 impellitque,
1824 1233 1924 1305 uti,
1969 1241 2266 1314 tamquam

97 1338 276 1381 suam
311 1319 554 1391 visens,-
570 1320 810 1380 domum
845 1325 954 1392 eat,
988 1325 1289 1396 portarum
1318 1317 1489 1378 clavis
1524 1318 1879 1379 adulterinas
1910 1328 2094 1398 paret,
2128 1339 2265 1382 nam

104 1424 280 1466 verae
309 1405 381 1465 ad
397 1403 790 1483 Hiempsalem
815 1405 1249 1477 referebantur3
1275 1413 1553 1474 ceterum,
1580 1404 1679 1464 ubi
1705 1422 1800 1464 res
1830 1405 2171 1484 postularet,
2197 1425 2267 1469 sc

99 1493 302 1572 ipsum
323 1507 458 1551 cum
471 1507 682 1568 magna
702 1506 884 1552 manu·
901 1497 1223 1550 venturum.
1268 1490 1519 1551 Numida
1542 1491 1812 1550 mandata
1832 1490 1994 1552 brevi
2014 1493 2265 1567 conficit,

99 1586 298 1656 atque,
325 1575 409 1638 uti
432 1577 640 1638 doctus
663 1583 804 1649 erat,
827 1583 1006 1636 noctu
1025 1575 1339 1653 Iugurthae
1357 1575 1567 1636 milites
1584 1575 1919 1638 introducit.
1964 1579 2079 1650 Qui
2100 1587 2269 1658 post-

103 1678 278 1742 quam
303 1661 365 1722 ιιι
397 1661 559 1722 aedis
588 1663 877 1741 irrupere,
915 1661 1132 1722 divorsi
1155 1679 1355 1738 regem
1387 1679 1685 1740 quaerere,
1725 1661 2067 1723 dormientis
2099 1667 2265 1739 alios,

101 1749 252 1810 alios
275 1748 638 1809 occursantis
663 1747 1010 1821 interficere,
1049 1746 1294 1806 scrutari
1315 1745 1443 1806 loca
1470 1747 1685 1820 abdita,
1718 1747 1909 1807 clausa
1936 1749 2265 1827 effringere,

101 1834 360 1914 strepitu
393 1841 456 1894 et
489 1833 736 1894 tumultu
779 1833 973 1894 omnia
1013 1832 1296 1906 miscere3
1343 1851 1518 1910 quum
1556 1833 1791 1893 interim
1828 1833 2127 1913 Hiempsal
2170 1854 2269 1897 re-

101 1920 334 2002 peritur
366 1917 668 1981 occultans
693 1937 824 1981 sese
857 1918 1088 1997 tugurio
1113 1917 1373 1979 mulieris
1400 1917 1657 1993 ancillae,
1698 1938 1812 1999 quo
1834 1917 1996 1981 initio
2018 1919 2267 2001 pavidus

103 2014 166 2067 et
189 2006 428 2083 ignarus
445 2003 560 2066 loci
584 2007 928 2083 perfugerat.
979 2004 1265 2066 Numidae
1284 2012 1455 2084 caput
1480 2006 1607 2066 eius
1633 2016 1695 2067 ut
1721 2006 1865 2066 iussi
1894 2016 2059 2067 erant
2081 2008 2151 2067 ad
2167 2008 2265 2069 Iu-

105 2092 376 2171 gurtham
401 2092 682 2153 referunt.

233 2178 412 2257 Cap.
433 2178 588 2238 XIII.
645 2178 914 2239 Ceterum
947 2178 1094 2236 fama
1128 2176 1278 2236 tanti
1303 2176 1575 2237 facinoris
1608 2194 1717 2254 per
1748 2193 1981 2237 omnem
2012 2178 2269 2239 Africam

102 2263 272 2325 brevi
293 2263 652 2341 divulgatum
688 2261 1077 2322 Adherbalem
1103 2261 1430 2340 omnisque,
1459 2260 1559 2339 qui
1582 2260 1691 2320 sub
1720 2260 1967 2339 imperio
1992 2260 2270 2341 Micipsae

104 2352 356 2420 fuerant,
393 2356 588 2409 metus
619 2346 868 2420 invadit,
911 2349 972 2408 ιιι
1005 2347 1150 2407 duas
1171 2353 1368 2426 partes
1392 2345 1731 2415 discedunt;
1756 2346 2041 2408 Numidae
2064 2348 2267 2428 plures
2364 2392 2370 2411 .

105 2433 502 2497 Adherbalem
538 2441 882 2510 sequuntur,
927 2433 1034 2493 sed
1070 2431 1233 2491 illum
1269 2431 1511 2493 alterum
1548 2430 1700 2490 bello
1736 2432 2027 2493 meliores.
2089 2434 2271 2512 Igitur

110 2519 389 2596 Iug'urtha
423 2535 600 2597 quam
623 2534 924 2578 maxumas
947 2524 1142 2596 potest
1165 2518 1365 2596 copias
1391 2525 1558 2595 parat
1586 2516 1747 2578 urbis
1782 2518 1991 2597 partim
2016 2520 2089 2592 vi,
2120 2519 2271 2581 *alias

107 2604 410 2665 voluntate
433 2604 682 2683 imperio
707 2622 816 2665 suo
839 2602 1118 2681 adiungit,
1131 2604 1289 2663 omni
1302 2602 1605 2664 Numidiae
1625 2603 1913 2682 imperare
1936 2614 2122 2684 parat.
2150 2606 2272 2666 Ad·
2323 2620 2333 2627 ·
2360 2672 2362 2684 Σ

109 2690 333 2762 herbal,
365 2690 598 2751 tametsi
631 2690 878 2755 Romam
913 2689 1136 2767 legatos
1163 2689 1417 2760 miserat,
1454 2688 1552 2767 qui
1586 2700 1850 2751 senatum
1879 2691 2161 2751 docerent
2196 2690 2271 2751 de
2358 2714 2360 2747 fl

107 2776 294 2836 caede
317 2776 510 2837 fratris
539 2783 600 2837 et
623 2776 873 2838 fortunis
895 2776 1046 2849 suis,
1073 2782 1272 2835 tamen
1306 2777 1489 2835 fretus
1514 2776 1879 2837 multitudine
1898 2775 2140 2838 militum
2164 2794 2273 2855 pa·-
2355 2788 2358 2819 ³

107 2862 276 2925 rabat
313 2861 490 2923 armis
525 2863 902 2923 contendere.
947 2862 1068 2923 Sed
1097 2862 1201 2923 ubi
1240 2878 1335 2921 res
1362 2862 1436 2921 ad
1462 2869 1757 2923 certamen
1782 2862 1955 2934 venit,
1992 2860 2179 2923 victus
2196 2880 2273 2925 ex
2352 2880 2356 2931 ,·

107 2946 332 3027 praelio
371 2948 630 3027 profugit
663 2948 726 3009 ιιι
761 2948 1120 3028 provinciam
1158 2964 1229 3007 ac
1258 2947 1471 3007 deinde
1489 2946 1733 3007 Romam
1756 2946 2076 3009 contendit.
2120 2948 2271 3011 Tum
2350 2932 2354 3020 ζ

107 3033 386 3113 Iugurtha
413 3033 658 3112 patratis
688 3034 968 3108 consiliis,
1001 3044 1317 3113 postquam
1354 3032 1547 3094 omnis
1574 3032 1880 3094 Numidiae
1914 3034 2267 3113 potiebatur,
2346 3060 2350 3115 Ιι

103 3119 167 3179 ιιι
195 3119 314 3180 otio
345 3118 574 3181 facinus
597 3136 772 3181 suum
807 3138 940 3181 cum
959 3117 1152 3181 animo
1182 3126 1481 3199 reputans,
1514 3118 1721 3180 timere
1747 3113 2272 3198 populum'Roma·
2343 3120 2348 3197 ξ

105 3224 248 3265 ιιιιιιι
277 3224 471 3284 neque
496 3204 784 3267 advorsus
809 3206 954 3267 iram
979 3205 1108 3267 eius
1127 3222 1377 3285 usquam
1402 3204 1512 3267 nisi
1532 3204 1593 3265 in
1620 3204 1852 3267 avaritia
1874 3206 2187 3269 nobilitatis
2212 3214 2274 3267 et
2341 3200 2346 3241 ¹¹

105 3290 358 3369 pecunia
375 3308 481 3353 sua
501 3308 674 3370 spem
689 3290 929 3353 habere.
961 3292 1164 3371 Itaque
1183 3292 1389 3371 paucis
1410 3290 1616 3351 diebus
1638 3307 1769 3352 cum
1788 3310 1932 3353 auro
1952 3302 2011 3353 et
2029 3303 2270 3369 argento
2338 3304 2342 3377 j

106 3376 545 3438 multoltomam
565 3377 790 3455 legatos
809 3377 999 3451 mittit,
1014 3377 1142 3456 quis
1170 3376 1469 3457 praecipit,
1482 3376 1736 3456 primum
1758 3377 1846 3439 uti
1868 3385 2099 3438 veteres
2124 3375 2272 3437 ami·

111 3479 216 3523 cos
237 3462 580 3523 muneribus
611 3462 900 3552 expleant,
940 3462 1152 3524 deinde
1189 3480 1378 3523 novos
1418 3462 1739 3541 acquirant,
1772 3473 2070 3543 postremo
2090 3480 2273 3541 quae-
2336 3486 2338 3493 ·

111 3565 362 3629 cumque
385 3559 632 3628 possent
652 3532 960 3629 largiundo
989 3566 1196 3629 parare
1223 3566 1299 3609 ne
1326 3555 1694 3613 cunctentur.
1748 3550 1867 3612 Sed
1902 3547 2004 3611 ubi
2025 3547 2273 3615 Roma·
2332 3538 2336 3625 J
