2400 3900
142 73 226 134 88
833 71 898 132 C.
943 69 1329 134 SALLUSTH
1374 68 1615 133 cmspt

150 209 356 252 omnes
382 190 536 251 idem
579 172 996 266 significabant,
1025 187 1245 248 Consul
1278 185 1556 260 incertuS‚
1600 205 1851 266 quonam
1890 184 2069 252 modo
2110 183 2327 246 aciem
2370 161 2372 166 .

141 277 480 345 instrueret,
533 273 692 332 nullo
749 273 956 336 ordine
997 281 1381 344 commutato,
1420 272 1737 336 advorsum
1792 271 1987 334 omnia
2032 275 2323 348 paratus,
2373 331 2374 334 ,

141 360 362 423 ibidem
383 358 706 451 opperitur.
749 359 836 421 lta
859 359 1194 436 Iugurtham
1214 376 1351 438 spes
1374 358 1663 432 frustrata,
1684 357 1784 437 qui
1809 356 2007 436 copias
2030 353 2096 414 in
2120 362 2325 434 quat-

142 457 277 506 tuor
307 463 412 522 pai
416 453 501 502 tes
539 444 925 517 distribuerat,
958 453 1122 504 ratus
1157 462 1229 504 ex
1268 442 1537 504 omnibus
1560 461 1745 520 aeque
1772 442 1999 522 aliquos
2028 439 2105 500 ab
2126 449 2320 519 tergo
2373 489 2374 494 1

143 529 414 594 hostibus
444 537 738 598 venturos.
778 528 1018 590 Interim
1047 529 1223 603 Sulla,
1260 547 1435 608 quem
1459 529 1711 608 primum
1734 527 1941 592 hostes
1964 527 2315 624 attigerant,

146 615 482 676 cohortatus
515 634 676 688 suoS,
709 615 996 678 turmatim
1031 622 1092 676 et
1125 633 1303 712 quam
1338 633 1607 677 maxume
1644 613 1924 676 confertis
1960 613 2127 691 equis
2162 612 2374 692 ipse

97 697 105 710 ’
145 700 353 778 aliique
375 700 609 761 Mauros
636 700 934 774 invadunt,
969 700 1186 772 ceteri
1167 720 1233 762 ιιι
1255 700 1389 760 loco
1410 706 1715 762 manentes
1738 699 1815 766 ab
1838 699 2038 763 iaculis
2062 699 2318 760 eminus

2372 547 2374 590 4

145 786 373 848 emissis
412 803 659 865 corpora
701 797 896 863 tegere
927 795 1002 858 et,
1037 787 1090 846 si
1125 786 1229 864 qui
1258 786 1315 847 in
1353 804 1561 851 manus
1599 794 1898 858 venerant,
1924 783 2317 847 obtruncare.
2372 819 2374 824 ·

142 871 291 934 Dum
329 891 400 932 eo
437 872 612 934 modo
656 872 876 950 equites
908 870 1280 950 praeliantur,
1318 871 1587 935 Bocchus
1618 889 1753 932 cum
1784 870 2115 951 peditibus,
2146 889 2316 948 quos

141 957 329 1020 Volux
359 957 514 1019 filius
546 953 670 1018 eius
691 957 1025 1030 adduxerat,
1049 975 1241 1034 neque
1277 955 1338 1018 in
1372 957 1567 1035 priore
1590 974 1803 1035 pugna,
1830 955 1893 1018 in
1922 955 2136 1016 itinere
2163 973 2309 1018 mo-

141 1044 280 1117 rati,
327 1044 668 1116 adfuerant,
711 1049 1068 1122 postremam
1103 1043 1505 1107 Romanorum
1554 1041 1739 1107 aciem
1786 1042 2087 1104 invadunt.
2141 1041 2313 1108 ‘Tum
2372 1037 2374 1046 '

143 1128 362 1192 Marius
393 1129 548 1208 apud
577 1128 798 1208 primos
839 1125 1062 1208 agebat,
1097 1128 1257 1208 quod
1284 1127 1369 1191 ihi
1392 1127 1671 1206 Iugurtha
1706 1145 1837 1190 cum
1864 1124 2135 1206 plurimis
2156 1134 2315 1186 erat.

2374 1133 2377 1226 1

141 1214 293 1278 Dein
318 1213 582 1286 Numida,
619 1213 849 1292 cognito
870 1213 1090 1276 Bocchi
1111 1215 1383 1285 adventu,
1412 1214 1559 1275 clam
1584 1231 1718 1274 cum
1740 1212 1941 1291 paucis
1969 1212 2043 1272 ad
2070 1211 2319 1290 pedites
2374 1229 2376 1262 ⁴

148 1299 464 1373 convortit,
498 1298 580 1360 ibi
604 1297 826 1374 Latine,
852 1319 988 1360 nam
1009 1301 1167 1379 apud
1193 1299 1559 1360 Numantiam
1590 1298 1749 1377 loqui
1775 1298 2072 1368 didicerat,
2114 1297 2319 1358 excla-

146 1394 302 1448 mat:
329 1391 566 1446 nostros
591 1385 804 1447 frustra
833 1403 1116 1464 pugnare,
1143 1384 1335 1462 paullo
1358 1392 1493 1444 ante
1519 1384 1763 1447 Marium
1792 1401 1901 1444 sua
1923 1401 2101 1444 manu
2120 1382 2317 1443 i'nter-

145 1473 392 1539 fectum3
419 1469 592 1530 simul
613 1469 864 1546 gladium
881 1471 1160 1547 sanguine
1188 1469 1433 1530 oblitum
1454 1469 1789 1542 ostendere,
1814 1486 2067 1548 querum
2086 1486 2317 1546 pugna,
2374 1471 2376 1484 '

147 1555 286 1618 satis
320 1553 567 1633 impigre
600 1555 794 1616 occiso
830 1555 1026 1635 pedite
1061 1562 1285 1626 nostro,
1314 1563 1731 1616 cruentaverat.
1778 1555 1949 1626 Quod
1976 1552 2313 1615 ubimilites
2374 1559 2376 1610 ἶ

147 1657 446 1718 accepere,
473 1640 658 1720 magis
685 1641 984 1702 atrocitate
1009 1641 1096 1700 rei
1125 1659 1295 1719 quam
1322 1640 1438 1700 fide
1465 1639 1658 1702 nuncii
1683 1646 1991 1712 terrentur,
2017 1638 2317 1717 simulque

149 1724 386 1788 barbari
419 1727 645 1786 animos
682 1728 884 1791 tollere
914 1735 972 1789 et
1003 1725 1064 1786 in
1098 1726 1401 1804 perculsos
1434 1725 1735 1787 Romanos
1771 1725 1964 1786 acrius
2008 1725 2317 1786 incedere.

148 1811 388 1890 Iamque
422 1813 676 1892 paullum
714 1812 788 1872 ab
819 1814 955 1890 fuga
990 1812 1247 1883 aberant,
1270 1829 1450 1889 quum
1478 1810 1654 1886 Sulla,
1682 1810 2001 1888 profligatis
2030 1809 2123 1882 iis,
2158 1829 2319 1888 quos

153 1898 470 1959 advorsum
495 1898 658 1971 ierat,
683 1897 920 1959 rediens
948 1895 1022 1957 ab
1055 1898 1236 1957 latere
1262 1897 1475 1959 Mauris
1506 1897 1769 1959 incurrit.
1814 1895 2087 1969 Bocchus
2107 1896 2315 1957 statim

153 1982 449 2045 avortitur.
495 1985 568 2046 At
593 1983 888 2060 Iugurtha,
917 1984 1058 2044 dum
1079 1990 1411 2044 sustentare
1436 2002 1577 2043 suos
1603 1992 1662 2043 et
1680 2002 1869 2062 prope
1897 1982 2013 2045 iam
2034 1982 2317 2061 adeptam

151 2066 450 2129 victoriam
468 2068 720 2127 retinere
741 2068 919 2147 cupit,
947 2068 1375 2131 circumventus
1402 2067 1474 2127 ah
1499 2067 1811 2148 equitibus,
1842 2070 2044 2129 dextra
2072 2066 2317 2129 sinistra

151 2152 422 2215 omnibus
442 2152 669 2226 occisiS,
692 2154 854 2215 solus
869 2154 1022 2216 inter
1037 2153 1152 2214 tela
1169 2153 1427 2216 hostium
1447 2152 1791 2215 vitabundus
1812 2152 2080 2233 erumpit.
2118 2156 2317 2231 Atque

151 2238 382 2301 interim
417 2238 653 2313 MariuS,
693 2238 902 2318 fugatis
937 2239 1261 2319 equitibuS,¹
1282 2237 1529 2301 accurrit
1564 2238 1773 2305 auxilio
1808 2238 1951 2311 suiS,
1990 2256 2139 2316 quos
2174 2237 2317 2317 pelli

150 2324 266 2386 iam
283 2337 607 2405 acceperat.
652 2324 918 2405 Denique
933 2326 1136 2387 hostes
1154 2325 1269 2387 iam
1290 2324 1545 2403 undique
1564 2324 1699 2386 fusi.
1744 2325 1894 2385 Tum
1912 2324 2313 2402 spectaculum

151 2410 428 2471 horribile
461 2412 522 2472 in
557 2412 780 2491 campis
817 2411 1180 2493 patentibus3
1226 2411 1419 2490 sequi,
1458 2412 1687 2489 fugere,
1724 2408 1939 2483 occidi,
1976 2409 2129 2489 capi,
2178 2408 2315 2486 equi

152 2502 326 2572 atque
345 2495 453 2557 viri
469 2496 704 2570 adflicti,
731 2516 799 2559 ac
824 2499 1006 2573 multi,
1030 2497 1361 2559 volneribus
1380 2497 1654 2576 acceptiS,
1676 2514 1870 2575 neque
1884 2497 2091 2574 sugere
2105 2513 2317 2573 posse,

155 2598 351 2659 neque
395 2580 650 2657 quietem
685 2582 833 2659 pati,
880 2583 985 2643 niti
1023 2584 1200 2644 modo
1253 2602 1321 2645 ac
1362 2582 1555 2645 statim
1611 2580 1949 2657 concidere3
2000 2587 2309 2659 postremo

155 2664 369 2737 omnia,
403 2682 518 2745 qua
545 2664 704 2727 visus
728 2676 868 2739 erat,
899 2675 1194 2729 constrata
1228 2668 1377 2741 teHS,
1410 2668 1609 2743 armis,
1640 2666 2039 2743 cadaveribuS,
2068 2672 2128 2727 et
2154 2665 2317 2727 inter

87 2806 90 2812 .
155 2770 222 2813 ea
251 2752 466 2813 humus
486 2749 698 2813 iniecta
721 2750 1026 2830 sanguine.

283 2836 584 2917 Cap.C11.
627 2836 839 2899 Postea
868 2836 984 2901 loci
1016 2833 1235 2899 Consul
1270 2838 1429 2900 haud
1468 2836 1643 2900 dubie
1677 2837 1793 2899 iam
1830 2838 2013 2902 victor
2048 2836 2317 2915 pervenit

153 2920 216 2983 in
240 2905 528 3018 ‘oppidum
553 2922 784 2996 Cirtam,
813 2942 930 3005 quo
963 2922 1124 2985 initio
1150 2924 1449 3003 profectus
1468 2923 1818 2985 intenderat
1864 2924 1948 2985 Eo
1982 2928 2121 3001 post
2154 2922 2317 2983 diem

106 3074 119 3082 ,
157 3007 441 3086 quintum,
479 3027 650 3088 quam
683 3009 896 3071 iterum
931 3010 1164 3071 barbari
1191 3010 1343 3069 male
1368 3016 1785 3088 pugnaverant,
1820 3009 1993 3087 legati
2020 3026 2055 3067 a
2075 3007 2313 3069 Boccho

157 3092 412 3167 veniunt,
451 3094 548 3174 qui
578 3092 734 3173 regis
760 3086 951 3156 verbis
974 3095 1047 3157 ab
1069 3094 1251 3155 Mario
1290 3093 1565 3174 petivere,
1598 3095 1747 3157 duos
1772 3112 1945 3173 quam
1972 3094 2313 3155 fidissumos

158 3178 233 3239 ad
259 3196 392 3238 eum
417 3178 695 3253 mitteret;
725 3178 872 3243 velle
900 3182 974 3241 de
1004 3200 1112 3242 suo
1138 3187 1198 3241 et
1226 3180 1300 3241 de
1330 3180 1531 3261 populi
1558 3180 1807 3241 Romani
1836 3180 2149 3241 commodo
2176 3197 2314 3240 cum

155 3262 227 3324 iis
267 3262 721 3329 disserere.er
757 3264 950 3329 statim
987 3265 1054 3328 L.
1087 3266 1315 3328 Sullam
1347 3275 1407 3327 et
1441 3270 1508 3328 A.
1540 3261 1872 3327 Manlium‘
1854 3285 1943 3327 ire
1968 3265 2150 3327 iubet.
2197 3264 2313 3337 Qui

159 3366 505 3427 quamquam
543 3350 711 3411 acciti
741 3350 932 3427 ibant,
969 3359 1162 3414 tamen
1198 3352 1415 3431 placuit
1456 3352 1633 3413 verba
1668 3352 1827 3433 apud
1864 3370 2065 3429 regem
2098 3352 2309 3422 facere,

159 3432 461 3511 ingenium
487 3441 586 3495 aut
619 3453 894 3500 avorsum
922 3438 1000 3500 uti
1028 3439 1349 3508 flecterent,
1388 3445 1487 3499 aut
1512 3437 1782 3517 cupidum
1807 3434 1969 3514 pacis
1994 3434 2312 3497 vehemen-
2376 3444 2378 3451 '

159 3516 275 3581 tius
299 3520 702 3583 accenderent.
743 3518 946 3603 ltaque
970 3522 1145 3599 Sulla,
1173 3522 1336 3585 cuius
1366 3522 1673 3587 facundiae
1701 3538 1823 3581 non
1842 3521 2016 3583 aetati
2035 3539 2075 3580 a
2098 3520 2313 3585 Manlio
