2400 3900
787 85 797 92 ’
824 83 1141 154 GATHAN.
1188 110 1240 152 c.
1271 91 1372 153 5⁰.
1398 89 1499 152 61.
2155 93 2242 157 25

60 221 233 288 atque
278 211 437 275 luctu
475 213 671 272 omnia
711 210 1009 290 compleri.
1074 209 1214 283 Sed,
1246 226 1358 289 per
1395 209 1543 272 deos
1573 210 1938 290 immortalis,
1989 231 2104 290 quo
2137 214 2237 276 illa

60 296 243 356 oratio
276 292 601 376 pertinuit?
636 315 714 360 an
746 296 829 358 uti
872 316 979 357 vos
1009 295 1258 358 infestos
1293 293 1674 384 coniurationi
1697 293 1962 360 faceret?
2004 299 2236 361 Scilicet

60 401 233 460 quem
254 401 355 446 res
386 389 547 446 tanta
577 389 645 454 ‚et
674 391 795 447 tam
819 391 988 444 atrox
1020 399 1147 444 non
1186 380 1494 479 permovit,
1531 400 1668 446 eum
1695 384 1886 448 oratio
1927 387 2236 448 accendet.

60 469 194 531 Non
219 468 301 530 ita
324 477 433 544 est,
454 487 653 552 neque
692 469 965 567 cuiquam
998 466 1372 530 mortalium
1355 466 1603 528 iniuriae
1627 487 1770 532 suae
1792 488 2008 551 parvae
2029 471 2239 533 viden-

59 564 171 628 tur,
208 552 376 618 multi
413 573 517 619 eas
556 555 793 636 gravius
812 571 1011 634 aequo
1050 553 1334 616 habuere.
1401 552 1522 614 Sed
1559 553 1670 614 alia
1703 556 1826 618 aliis
1857 556 2094 619 licentia
2127 567 2239 632 est,

57 641 265 704 Patres
290 632 645 722 conscripti3
675 640 775 720 qui
801 639 1079 702 demissi'
1061 659 1125 702 ιιι
1150 639 1406 702 obscuro
1430 638 1606 702 vitam
1635 640 1860 702 habent
1881 642 1934 704 si
1956 643 2135 721 quid
2115 663 2237 706 ira-

58 728 277 790 cundia
318 727 639 824 deliquere,
674 725 847 806 pauci
884 725 1099 798 sciunt,
1142 727 1296 790 fama
1325 734 1502 804 atque
1539 726 1776 786 fortuna
1817 744 2022 790 eorum
2058 748 2236 809 pares

54 823 229 890 sunt3
257 813 357 894 qui
376 832 593 892 magno
618 811 867 891 imperio
893 812 1225 892 praeditiin
1255 813 1486 874 excelso
1523 820 1772 874 aetatem
1791 821 1992 890 agunt,
2027 831 2234 878 eorum

56 900 213 961 facta
244 899 441 960 cuncti
460 898 739 960 mortales
758 917 999 962 novere.
1032 899 1122 960 lta
1143 897 1210 980 inv
1225 915 1495 960 maxuma
1517 899 1752 961 fortuna
1769 897 2032 960 minuma
2051 901 2238 963 licen-

52 985 133 1045 tia
162 993 271 1058 est,
300 1002 495 1064 neque
519 985 761 1046 studere
778 1003 973 1064 neque
999 986 1219 1058 odisse,
1246 984 1353 1046 sed
1374 985 1638 1046 minume
1661 985 1839 1046 irasci
1858 984 2060 1059 decet3
2088 1004 2236 1064 quae

52 1069 221 1149 apud
242 1069 389 1132 alios
410 1071 715 1134 iracundia
734 1071 965 1146 dicitur,
986 1090 1053 1132 ea
1076 1071 1142 1132 in
1162 1069 1410 1149 imperio
1431 1071 1714 1152 superbia
1731 1080 1904 1152 atque
1923 1071 2240 1134 crudelitas

53 1155 403 1235 appellatur.
470 1157 759 1238 Equidem
790 1176 899 1236 ego
934 1157 1021 1218 sic
1068 1156 1380 1230 existumo,
1423 1157 1626 1219 Patres
1662 1157 2002 1237 conscripti,
2045 1159 2283 1240 omnis-,-

56 1242 349 1304 cruciatus
368 1242 631 1304 minores
652 1262 831 1322 quam
846 1243 1105 1304 facinora
1114 1241 1354 1304 illorum
1374 1255 1527 1318 esse,
1545 1245 1652 1304 sed
1673 1244 1942 1324 plerique
1953 1245 2236 1306 mortales

54 1336 365 1407 postrema
396 1329 719 1390 meminere
754 1337 815 1389 et
841 1328 903 1389 in
940 1328 1284 1392 hominibus
1323 1329 1516 1408 impiis
1553 1330 1794 1398 sceleris
1833 1339 2040 1392 eorum
2074 1331 2266 1393 obliti·

56 1415 139 1474 de
177 1430 373 1492 poena
409 1412 729 1488 disserunt,
768 1414 821 1476 si
854 1433 923 1476 ea
956 1415 1161 1495 paullo·
1194 1415 1458 1476 severior
1481 1415 1612 1478 fuit.
1664 1416 1732 1476 D.
1757 1415 2022 1478 Silanum
2048 1417 2237 1478 virum

53 1501 275 1560 fortem
312 1507 487 1578 atque
524 1507 831 1566 strenuum
867 1509 1029 1563 certe
1064 1501 1191 1562 scio
1229 1519 1380 1580 quae
1417 1501 1628 1563 dixerit
1653 1503 1850 1564 studio
1879 1502 2238 1582 reipublicae

54 1585 305 1660 dixisse,
328 1603 525 1666 neque
540 1587 701 1656 illum
721 1586 1047 1664 intentare
1066 1584 1308 1666 gratiam
1329 1595 1425 1647 aut
1443 1587 1774 1648 inimicitias
1795 1606 2106 1666 exercere3
2131 1608 2236 1650 eos

50 1689 261 1734 mores
290 1690 535 1752 eamque
560 1672 913 1734 modestiam
934 1673 1043 1734 viri
1066 1673 1334 1751 cognovi.
1376 1673 1593 1736 Verum
1621 1673 1910 1738 sententia
1936 1674 2064 1735 eius
2095 1676 2239 1736 mihi

54 1777 184 1820 non
210 1759 467 1820 crudelis
492 1756 663 1839 (quid
690 1759 845 1820 enim
868 1759 934 1820 ιιι
954 1759 1086 1820 talis
1108 1757 1380 1820 homines
1405 1759 1640 1820 crudele
1660 1757 1788 1819 fieri
1813 1756 2102 1838 potasti),
2129 1761 2239 1822 sed

56 1845 253 1906 aliena
288 1863 323 1905 a
344 1845 647 1924 republica
680 1854 887 1906 nostra
916 1846 1165 1907 videtur.
1221 1845 1372 1906 Nam
1394 1846 1660 1924 profecto
1685 1853 1787 1906 aut
1809 1854 2004 1908 metus
2024 1854 2124 1907 aut
2146 1846 2240 1906 in—

54 1930 207 1992 iuria
241 1939 297 1991 te
322 1930 575 2009 subegit,
592 1931 807 2007 Silano,
826 1931 1141 1995 Consulem
1158 1931 1550 2011 designatum,
1571 1950 1758 2011 genus
1775 1950 2002 2013 poenae
2020 1952 2240 1995 novum

58 2019 407 2081 decernere.
438 2018 523 2079 De
542 2018 755 2080 timore
778 2036 1280 2099 supervacaneum
1302 2026 1396 2081 est
1424 2018 1736 2093 disserere,
1766 2038 1946 2099 quum
1965 2037 2240 2099 praeser-

54 2105 169 2164 tim
209 2102 507 2182 diligentia
540 2104 867 2169 clarissumi
891 2106 999 2167 viri
1022 2104 1292 2169 Consulis
1310 2111 1470 2165 tanta
1487 2065 1786 2188 praesidia
1813 2106 1934 2167 sint
1954 2106 2017 2166 in
2041 2105 2267 2205 armis.-

50 2182 163 2253 De
172 2208 364 2268 poena
390 2209 643 2269 possum
664 2192 935 2273 equidem
960 2191 1155 2253 dicere
1172 2191 1234 2251 id
1260 2192 1421 2269 quod
1441 2210 1539 2252 res
1563 2190 1775 2265 habet·
1801 2191 1864 2251 in
1883 2178 2058 2253 luctu
2063 2198 2238 2269 atque

23 2276 315 2337 .<miseriis
350 2284 601 2338 mortem
638 2295 1049 2339 aerumnarum
1078 2276 1366 2355 requiem,
1399 2295 1524 2337 non
1557 2276 1880 2336 cruciatum
1915 2293 2065 2349 esse,
2109 2294 2238 2336 eam

53 2370 275 2423 cuncta
298 2362 631 2425 mortalium
653 2362 805 2423 mala
830 2363 1167 2434 dissolvere,
1200 2360 1353 2421 ultra
1380 2379 1578 2441 neque
1605 2378 1778 2420 curae
1803 2378 1998 2439 neque
2023 2361 2238 2439 gaudio

50 2450 257 2510 locum
288 2464 443 2508 esse.
502 2448 642 2519 Sed,
673 2464 794 2527 per
823 2446 1354 2519 deos'immortalis,
1393 2445 1776 2525 quamobrem
1800 2446 1864 2507 in
1885 2447 2237 2511 sententiam

24 2552 187 2617 ιιοιι
222 2531 517 2607 addidisti,
552 2534 635 2595 uti
679 2533 843 2615 prius
876 2534 1236 2598 verberibus,
1261 2532 1326 2594 in
1357 2550 1464 2594 eos
1501 2531 2114 2595 animadvortet-etur?
2159 2552 2238 2595 an

50 2618 199 2699 quia
218 2617 313 2681 lex
337 2620 547 2681 Porcia
570 2618 768 2683 vetat?
808 2623 888 2681 At
908 2619 1054 2680 aliae
1078 2620 1244 2698 leges
1265 2620 1406 2681 item
1429 2619 1834 2683 condemnatis
1863 2620 2090 2682 civibus
2115 2638 2237 2681 non

49 2706 317 2767 animam
344 2706 490 2785 eripi
514 2708 625 2769 sed
648 2707 881 2769 exilium
904 2706 1161 2786 permitti
1182 2706 1408 2768 iubent.
1455 2708 1548 2769 An
1571 2707 1706 2785 quia
1731 2707 1962 2785 gravius
1987 2713 2080 2766 est
2101 2723 2237 2765 ver-

44 2790 257 2855 berari
294 2808 471 2869 quam
504 2792 749 2854 necari?
796 2794 951 2867 Quid
987 2801 1180 2854 autem
1217 2792 1494 2856 acerbum
1518 2802 1622 2855 aut
1653 2792 1826 2853 nimis
1861 2808 2036 2869 grave
2062 2790 2239 2851 estin

44 2874 335 2941 homines
353 2878 498 2939 tanti
512 2869 791 2941 facinoris
806 2876 1157 2941 convictos?
1203 2878 1307 2939 Sin
1329 2878 1468 2957 quia
1486 2877 1670 2939 levius
1693 2874 1830 2940 est?
1873 2875 2011 2949 Qui
2016 2893 2236 2940 conve-

44 2964 149 3026 nit
174 2961 237 3021 in
260 2961 487 3022 minore
504 2966 737 3043 negotio
754 2966 1177 3045 legemtimere
1196 2984 1374 3043 quum
1397 2982 1524 3025 eam
1540 2964 1602 3023 in
1619 2962 1842 3023 maiore
1859 2961 2190 3039 neglexeris
2201 2960 2238 3023 ἲ

28 3056 138 3111 Ἄι
166 3048 327 3109 enim
354 3041 486 3125 q‘uis
508 3052 909 3127 reprehendet
936 3050 1137 3150 quod
1118 3068 1179 3111 m
1207 3049 1530 3129 parricidas
1549 3047 1908 3128 reipublicae
1935 3046 2236 3110 decretum

23 3131 222 3195 erit?
254 3145 517 3213 tempus
538 3135 684 3209 dies,
716 3140 969 3212 fortuna,
996 3137 1161 3198 cuius
1186 3135 1388 3199 lubido
1404 3134 1688 3229 gentibus
1715 3134 2072 3197 moderatur.
2113 3134 2236 3197 Illis

23 3220 273 3281 merito
297 3219 573 3283 acciderit
594 3182 869 3301 quicquid
905 3216 1180 3295 evenerit,
1221 3231 1484 3283 ceterum
1509 3238 1636 3294 vos,
1665 3219 1868 3281 Patres
1895 3220 2234 3306 conscripti,

23 3306 209 3386 quid
242 3304 307 3365 in
342 3306 487 3369 alios
522 3308 790 3369 statuatis
818 3308 1207 3370 considerate.
1260 3307 1474 3370 Omnia
1497 3307 1648 3368 mala
1667 3307 1936 3387 exempla
1963 3325 2037 3367 ex
2061 3304 2235 3367 bonis

24 3400 195 3453 orta
224 3399 391 3467 sunt3
405 3394 525 3459 sed
546 3394 683 3456 ubi
668 3394 975 3473 imperium
1000 3395 1073 3455 ad
1108 3394 1348 3473 ignaros
1379 3401 1482 3455 aut
1503 3393 1700 3455 minus
1731 3394 1924 3455 bonos
1947 3390 2233 3473 pervenit,
2278 3434 2290 3442 s

52 3496 287 3541 novum
308 3477 453 3541 illud
476 3480 809 3561 exemplum
832 3480 905 3541 ab
932 3480 1123 3557 dignis
1150 3490 1212 3541 et
1233 3479 1466 3541 idoneis
1484 3478 1560 3539 ad
1583 3479 1858 3557 indignos
1885 3487 1944 3540 et
1958 3494 2082 3538 non
2101 3475 2236 3537 ido-

54 3580 217 3628 neos
250 3567 614 3630 transfertur.
671 3565 1117 3628 Lacedaemonii
1148 3566 1390 3629 devictis
1412 3566 1868 3627 Atheniensibus
1891 3562 2125 3642 triginta
2145 3562 2235 3622 vi·-
