2400 3900
656 109 871 174 cett.
911 61 1277 173 maulim.
1322 127 1373 172 c.
1402 106 1699 173 31-35.
2179 107 2271 177 aa·

94 233 246 295 velle
278 232 586 297 manifesta
607 229 798 310 magia
839 247 911 290 ex
945 230 1048 291 illo
1075 229 1331 304 habereg
1376 229 1429 289 si
1460 247 1665 291 verum
1690 229 1929 312 aperiat,
1962 229 2028 292 in
2060 229 2180 294 fide
2210 240 2273 296 et

102 316 409 382 demntia
443 318 648 398 populi
689 316 942 385 Romani
977 333 1251 395 magnam
1295 333 1466 393 spem
1508 315 1591 376 iili
1628 316 1835 391 sita-3
1876 316 1970 377 sin
2010 316 2269 391 reticeat,

99 424 224 467 non
247 403 432 465 sociis
450 405 626 466 stimi
654 405 800 476 fore,
821 403 932 463 aad
953 419 1024 462 se
1045 414 1309 480 suasque
1332 417 1479 479 opes
1500 412 1931 482 con-upturum.

229 489 390 570 Cap»
430 489 686 552 XXXIV.
729 487 984 561 Deinde,
1031 487 1133 550 uhi
1190 486 1501 548 Memmius
1546 487 1783 548 dicundi
1821 490 2001 550 finem
2042 488 2180 550 fecit
2215 497 2274 549 et

95 575 378 674 Iugurtha
393 577 782 666 mspondere
814 575 1018 636 iussus
1045 581 1155 644 est,
1184 573 1253 636 G.
1272 571 1527 634 Baebius
1551 573 1823 634 tribunus
1858 575 2067 654 plebis,
2096 587 2273 654 quem

95 662 349 742 pecunia
374 653 720 743 corruptum
747 676 931 760 supra
953 659 1224 734 diximus,
1250 675 1455 739 regem
1493 668 1687 725 tacere
1712 659 1907 736 iuhet3
1940 679 2015 722 ac
2039 662 2272 722 tametsi

95 747 430 824 multitudo,
465 762 618 828 quae
651 749 713 808 in
733 746 1022 808 condono
1049 746 1268 820 aderat,
1296 747 1679 812 vehementer
1711 762 1979 820 accensa,
2017 746 2276 808 terrebat

97 853 231 896 eum
265 835 528 897 &more
545 879 561 908 ,
598 833 759 895 voltu
773 879 788 907 ,
817 847 1004 912 saepe
1037 831 1263 912 impetu
1296 841 1477 912 atque
1506 831 1635 894 aliis
1678 831 1971 904 omnihus,
2004 851 2155 910 quae
2186 833 2275 894 ira

10 991 13 1000 ἶ
93 921 226 982 fleri
256 928 431 995 amat,
458 920 601 981 ’vicit
620 927 816 980 tamen
841 919 1223 998 impudentia.
1268 917 1627 1000 mpopuius
1659 917 1915 979 ludibrio
1935 915 2172 981 habitus
2199 935 2276 980 αι

97 1006 390 1066 concione
447 1005 726 1082 discedit3
781 1005 1096 1084 Iugurthae
1140 1005 1497 1086 Bestiaeque
1554 1009 1614 1065 et
1670 1003 1909 1074 ceteris,
1972 1019 2123 1082 quos
2178 1001 2274 1064 illa
2392 999 2394 1004 ’

101 1092 370 1171 quaestio
389 1093 734 1170 exagitabat,
762 1089 942 1154 animi
965 1099 1312 1172 augescunt.

227 1178 386 1257 Cap.
429 1178 657 1240 XXXV.
727 1178 868 1238 Erat
920 1195 990 1238 ea
1039 1181 1391 1258 tempestate
1436 1176 1657 1237 Romae
1705 1172 1958 1236 Numida
2018 1175 2274 1271 quidam,

96 1263 336 1324 nomine
371 1258 639 1339 Massiva,
673 1263 966 1324 G‘ulussae
997 1263 1182 1336 tilius,
1224 1261 1567 1323 Masinissae
1610 1279 1832 1342 nepos;
1876 1260 1996 1340 qui,
2046 1261 2180 1339 quia
2212 1261 2279 1322 in

100 1347 476 1410 dissensione
509 1364 714 1429 regum
745 1349 1058 1430 Iugurthae
1099 1350 1387 1410 advorsus
1424 1344 1631 1422 suerat,
1668 1348 1864 1409 dedita
1886 1347 2040 1408 Cirta
2065 1357 2129 1408 et
2157 1347 2279 1410 Ad·-

95 1435 344 1496 herbale
373 1434 701 1508 interfecto,
735 1436 1026 1516 profugus
1062 1452 1134 1496 ex
1171 1435 1362 1496 Amica
1400 1435 1642 1496 abierat.
1686 1433 1839 1496 Huic
1872 1434 1978 1512 Sp.
2014 1428 2277 1508 Albinus»,

99 1521 199 1600 qui
232 1537 522 1600 proxumo
546 1539 704 1583 anno
727 1529 868 1604 post
890 1521 1147 1583 Bestiam
1172 1538 1305 1583 cum
1336 1522 1409 1594 Q.
1435 1521 1692 1582 Minucio
1720 1522 1877 1583 Rufo
1905 1521 2279 1581 consulatum

100 1605 358 1686 gerebat,
399 1607 738 1686 persuadet,
775 1608 1050 1687 quoniam
1083 1621 1154 1668 ex
1189 1608 1377 1687 stirpe
1400 1606 1747 1667 Masinissae
1774 1607 1869 1678 sit,
1904 1605 2279 1684 iugurtham-

45 1729 58 1740 ι
102 1709 220 1772 que
267 1691 342 1754 ob
380 1691 602 1756 scelera
641 1693 860 1754 invidia
901 1707 1036 1754 cum
1071 1697 1235 1754 metu
1268 1698 1543 1771 urgueat,
1574 1707 1825 1771 regnum
1860 1691 2167 1752 Numidiae
2204 1692 2279 1753 ab

101 1780 321 1841 Senatu
360 1787 541 1860 petat.
587 1777 808 1842 Avidus
823 1777 1046 1840 Consul
1069 1773 1209 1838 belli
1238 1779 1486 1858 gerundi
1502 1793 1745 1839 movere
1766 1793 1947 1856 quam
1964 1793 2279 1839 senescere

97 1865 297 1931 mnia
333 1864 618 1940 malebat,
655 1865 772 1949 ipsi
805 1864 1108 1946 provincia
1137 1863 1429 1939 Numidia,
1464 1864 1722 1926 Minucio
1760 1861 2107 1924 Macedonia
2142 1879 2282 1924 eve·

100 1961 287 2013 nerat.
335 1950 502 2024 Quae
537 1962 853 2033 postquam
882 1950 1134 2013 Massiva
1169 1952 1386 2031 agitare
1426 1952 1640 2033 coepit,
1668 1968 1861 2031 neque
1880 1947 2192 2029 Iugurthae
2216 1949 2281 2011 in

100 2036 304 2099 amicis
326 2039 466 2099 satis
487 2038 767 2119 praesidii
785 2044 893 2113 est,
923 2034 1082 2119 qnod
1103 2054 1312 2099 eorum
1334 2036 1509 2099 aiium
1530 2036 1910 2111 conscientia,
1933 2034 2109 2097 alium
2128 2035 2280 2097 mala

99 2125 253 2185 fama
286 2132 344 2185 et
371 2124 549 2189 timor
585 2124 972 2207 impediebam,
1017 2123 1366 2199 Bomilcari,
1404 2139 1694 2207 proxumo
1732 2142 1801 2184 ac
1848 2140 2123 2183 maxume
2156 2122 2280 2183 fido

102 2208 232 2283 sibi,
268 2210 535 2291 imperat,
561 2212 773 2291 pretio,
809 2210 978 2272 sicuti
1001 2210 1182 2273 multa
1207 2212 1560 2283 confecerat,
1583 2210 1963 2271 insidiatores
1990 2208 2282 2267 Massivae

104 2306 299 2375 paret,
341 2310 411 2357 ac
442 2315 712 2358 maxume
754 2294 1013 2367 occulte3
1050 2296 1143 2357 sin
1165 2294 1236 2371 ‚id
1272 2312 1479 2377 parum
1515 2296 1831 2375 procedat,
1867 2293 2073 2373 quovis
2102 2292 2281 2354 modo

103 2380 417 2442 Numidam
449 2382 782 2443 interficiat.
825 2382 1127 2443 Bomilcar
1159 2389 1391 2443 mature
1421 2380 1577 2457 regis
1612 2380 1886 2441 mandata
1925 2378 2282 2459 exsequitur,

108 2474 167 2528 et
205 2484 313 2545 per
359 2466 632 2529 homines
682 2464 832 2527 talis·
865 2464 1088 2547 negotii
1137 2466 1393 2527 artifices
1432 2466 1645 2527 itinera
1689 2480 2085 2545 egressusque
2128 2466 2282 2543 eiuS,

107 2562 410 2633 postremo
454 2554 590 2615 loca'
626 2560 801 2633 atque
854 2560 1125 2633 tempora
1172 2562 1378 2613 cuncta
1426 2549 1719 2631 explorat3
1767 2552 2010 2623 deinde,
2048 2550 2151 2614 ubi
2185 2570 2283 2614 res

106 2638 465 2718 postulabat,
497 2638 742 2699 insidias
761 2637 969 2700 tendit.
1015 2633 1198 2719 Igitur
1222 2656 1378 2699 unus
1414 2654 1487 2699 ex
1525 2657 1594 2698 co
1625 2656 1895 2714 numero,
1924 2638 2020 2719 qui
2048 2638 2119 2699 ad
2149 2656 2285 2699 cae-

107 2724 243 2785 dem
282 2725 466 2803 parati
501 2736 685 2797 erant,
717 2722 914 2805 paullo
948 2722 1345 2787 inconsultius
1372 2719 1684 2786 Massivam
1723 2724 2080 2805 aggreditur,
2120 2724 2285 2785 illum
2388 2764 2390 2801 ;

105 2809 443 2881 obtruncatz
481 2812 588 2873 sed
623 2812 752 2893 ipse
788 2811 1212 2891 deprehensuS,
1248 2812 1448 2875 multis
1481 2811 1853 2876 hortantibus
1893 2820 1951 2873 et
1988 2810 2048 2869 in
2076 2808 2283 2889 primis

4 2912 30 2987 f,
106 2893 318 2956 Albino
360 2898 621 2970 consule,
657 2896 938 2957 indicium
976 2898 1306 2977 profitetur.
1344 2896 1438 2957 Fit
1462 2912 1603 2957 reus
1630 2896 1818 2975 magis
1854 2913 1925 2956 ex
1948 2912 2137 3043 aethan
2172 2895 2285 2967 bo-
2388 2882 2390 2951 ἓ

104 2998 322 3060 noque,
373 2999 547 3061 quam
579 3000 649 3042 ex
688 2983 817 3045 iure
851 2982 1110 3063 gentium
1139 2982 1451 3055 Bomilcar,
1490 3000 1689 3045 comes
1730 2982 1877 3057 eiuS,
1906 2981 2007 3059 qui
2090 2998 2285 3045 ornam

6 3078 8 3085 '
105 3066 226 3129 fide
264 3066 501 3149 publica
539 3079 798 3131 venerat.
869 3070 941 3130 At
969 3066 1250 3149 Iugurtha
1288 3065 1637 3131 manifestus
1668 3068 1817 3129 tanti
1852 3066 2125 3142 sceleris,
2159 3084 2284 3131 non

103 3154 270 3234 prius
308 3152 506 3215 omisit
543 3160 744 3215 contra
777 3172 982 3218 verum
1015 3154 1122 3217 niti
1159 3172 1335 3245 quam
1359 3154 1793 3227 animadvortit,
1834 3170 2010 3249 supra
2040 3156 2284 3236 gratiam

104 3246 280 3319 atque
325 3236 635 3338 pecuniam
688 3258 854 3303 suam
886 3240 1165 3304 invidiam
1203 3238 1338 3304 facu
1374 3258 1531 3303 esse.
1590 3238 1793 3321 igitur,
1829 3240 2184 3323 quamquam
2220 3240 2283 3302 in
2386 3256 2388 3311 ξ

107 3325 304 3407 priore
333 3324 566 3389 actione
603 3344 674 3388 ex
710 3325 912 3387 amicis
944 3328 1361 3425 quinquaginta
1383 3327 1563 3388 vades
1601 3326 1861 3401 dederat,
1888 3343 2073 3407 regno
2095 3326 2281 3407 magis
2386 3328 2388 3359 ³

108 3430 284 3491 quam
317 3410 567 3475 vadibus
605 3408 943 3485 consulens,
979 3414 1170 3477 clam
1153 3434 1214 3484 m
1244 3414 1578 3475 Numidiam
1606 3412 1988 3474 Bomilcarem
2029 3410 2280 3489 dimittit,

15 3514 30 3534 ⁸
108 3498 327 3559 veritus
347 3516 422 3561 ne
450 3496 711 3577 reliquos
731 3498 1036 3579 popularis
1055 3508 1247 3563 metus
1262 3500 1821 3581 invaderetparendi
1849 3498 1981 3575 sihi,
2010 3498 2058 3559 si
2084 3498 2157 3559 de
2180 3496 2279 3561 ino

103 3582 456 3665 supplicium
481 3591 779 3664 sumptum
811 3584 982 3646 soret.
1029 3584 1150 3647 Et
1135 3605 1266 3666 ipse
1285 3585 1491 3665 paucis
1514 3583 1722 3649 diebus
1744 3585 1955 3648 eodem
1980 3584 2283 3664 proiectus
