2400 3900
758 101 765 112 ·
800 77 803 88 ·
843 69 1163 132 αΑιιιιΝ.
1211 87 1264 130 c.
1287 57 1582 130 ιιι-126.
2009 154 2016 162 0
2210 69 2289 143 153

138 190 410 263 suetudo,
446 188 542 250 cui
574 205 757 268 quum
794 187 989 251 minus
1025 193 1225 264 gratus
1271 195 1430 248 esset
1469 187 1602 268 quia
1633 185 1836 266 inopia
1873 188 2069 268 :ninus
2104 189 2304 288 largii-i

134 283 384 358 poterat,
420 281 665 354 repente
702 275 956 355 glorians
991 271 1173 339 maria
1192 282 1544 352 montesque
1569 273 1834 352 polliceri
1857 276 2070 354 coepit,
2095 275 2304 339 minari

135 362 429 423 interdum
454 363 629 434 ferro,
656 359 773 420 nisi
800 358 1052 420 obnoxia
1074 359 1246 431 foret,
1269 366 1572 456 postremo
1599 360 1855 430 ferocius
1880 361 2097 456 agitare
2126 380 2306 442 quam

82 447 343 508 solitus
379 455 524 508 erat.
580 445 889 518 Atfflulvia,
922 441 1270 507 insolentiae
1293 443 1450 505 Curii
1487 461 1706 509 caussa
1725 445 1974 526 cognita,
2009 447 2121 510 tale
2147 448 2304 528 peri-

134 534 331 594 culum
364 529 719 614 reipublicae
752 531 909 592 haud
943 529 1236 592 occultum
1267 527 1490 602 hahuit,
1528 520 1637 589 sed
1673 531 1904 594 sublato
1931 544 2189 607 auctore,
2231 535 2302 594 de
2371 539 2373 544 '

131 617 413 680 Catilinae
467 617 867 678 coniuratione
912 633 1061 711 quae
1082 633 1316 694 quoque
1359 615 1541 676 modo
1575 613 1853 693 audierat,
1897 618 2302 700 compluribus

130 704 404 766 narravit.
452 703 535 766 Ea
555 721 651 763 res
674 702 735 762 ιιι
762 699 966 780 primis
994 700 1187 765 studia
1213 701 1520 765 hominum
1544 699 1817 765 accendit
1836 702 1910 765 ad
1934 707 2302 780 consulatum

127 788 535 858 mandandum
562 786 644 848 Μ.
670 786 860 850 Tullio
888 785 1171 850 Ciceroni.
1238 775 1502 870 Namque
1529 793 1700 854 antea
1725 787 2006 866 pleraque
2025 776 2302 854 nobilitas

128 873 349 936 invidia
398 871 699 934 aestuabat
732 882 789 934 et
833 871 1003 952 quasi
1040 865 1238 952 pollui
1269 873 1642 937 consulatum
1669 871 2015 956 credebant,
2061 875 2112 936 si
2149 895 2304 951 eum,

131 959 400 1040 quamvis
441 957 729 1042 egregiae,
760 959 938 1021 homo
978 973 1166 1026 novus
1192 957 1472 1040 adeptus
1465 959 1637 1022 foret.
1683 957 1808 1040 Sed
1839 956 1942 1021 ubi
1981 961 2303 1038 periculum

132 1043 388 1118 advenit,
416 1043 627 1106 invidia
651 1053 825 1125 atque
852 1041 1127 1124 superbia
1148 1045 1472 1140 postfuere.

264 1129 307 1192 C
320 1149 353 1192 a
364 1149 425 1210 p.
449 1129 650 1193 XXIV.
722 1129 905 1208 igitur
948 1128 1196 1204 comitiis
1245 1119 1456 1191 habitis
1487 1128 1772 1192 Consules
1821 1129 2194 1191 declarantur
2225 1130 2305 1192 Μ.

131 1213 359 1278 Tullius
384 1224 444 1278 et
464 1217 527 1278 C.
548 1215 858 1290 AntoniuS,
884 1213 1043 1292 quod
1068 1215 1287 1275 factum
1323 1214 1513 1294 primo
1537 1215 1856 1297 populares
1883 1213 2304 1278 coniurationis

130 1310 534 1376 concusserat,
566 1319 760 1380 neque
792 1309 990 1361 tamen
1014 1299 1293 1363 Catilinae
1327 1301 1489 1362 furor
1520 1299 1910 1384 minuebatur,
1945 1297 2150 1365 sedin
2177 1301 2305 1364 dies

128 1387 301 1468 plura
328 1389 577 1483 agitare3
606 1405 764 1448 arma
794 1404 904 1466 per
924 1385 1147 1451 Italiam
1182 1385 1334 1448 locis
1359 1385 1710 1468 opportunis
1737 1405 1962 1466 parare,
1990 1387 2306 1468 pecuniam

128 1490 241 1534 sua
254 1479 355 1533 aut
364 1472 686 1534 amicorum
702 1473 816 1536 fide
836 1482 1127 1552 sumptam
1146 1481 1407 1534 mutuam
1421 1469 1696 1534 Faesulas
1709 1473 1786 1536 ad
1800 1473 2082 1536 Manlium
2097 1492 2303 1554 quem-

129 1559 269 1619 dam
292 1566 549 1638 portare,
588 1559 687 1638 qui
708 1567 913 1640 postea
930 1558 1214 1655 princeps
1235 1556 1345 1620 fuit
1367 1557 1505 1618 belli
1531 1557 1803 1622 faciundi.
1848 1559 1932 1620 Ea
1958 1567 2306 1642 tempestate

126 1641 419 1726 plurimos
444 1644 727 1726 cuiusque
748 1643 980 1724 generis
1002 1641 1274 1706 homines
1301 1641 1622 1706 adscivisse
1641 1643 1756 1704 sibi
1781 1643 2010 1720 dieitur,
2027 1647 2304 1710 mulieres

129 1729 308 1791 etiam
338 1731 577 1810 aliquot,
608 1748 765 1809 quae
774 1731 967 1810 primo
992 1729 1244 1808 ingentis
1267 1735 1538 1810 sumptus
1561 1737 1767 1810 empto
1791 1731 2058 1809 eorporis
2082 1734 2306 1794 tolera—

125 1823 353 1890 verant,
373 1825 530 1896 post,
550 1815 651 1877 ubi
669 1824 832 1878 aetas
852 1814 1255 1880 tantummodo
1279 1814 1548 1894 quaestui
1569 1833 1762 1897 neque
1780 1815 2042 1878 luxuriae
2061 1818 2305 1878 modum

125 1903 369 1977 fecerat,
400 1920 501 1963 aes
526 1901 783 1965 alienum
818 1903 1035 1981 grande
1074 1901 1488 1965 conflaverant.
1539 1901 1657 1965 Per
1685 1921 1787 1965 eas
1817 1919 1884 1963 se
1909 1901 2152 1967 Catilina
2175 1921 2305 1965 cre-

128 1986 311 2049 debat
330 2006 513 2069 posse
534 1988 769 2051 servitia
802 1988 1029 2051 urbana
1060 1988 1389 2063 sollicitare,
1417 1988 1625 2053 urbem
1657 1988 2014 2095 incendere,
2020 1990 2178 2052 viros
2203 2008 2305 2053 ea-

126 2092 264 2135 rum
292 2074 387 2135 vel
408 2062 725 2158 adiungere
752 2074 865 2137 sihi
890 2074 979 2137 vel
1001 2074 1353 2138 interficere.
1469 2125 1472 2133 .

259 2159 421 2239 Cap.
443 2160 615 2226 XXV.
660 2161 819 2225 Sed
802 2180 863 2221 ιιι
888 2160 959 2223 iis
986 2168 1109 2221 erat
1136 2159 1506 2241 Sempronia,
1535 2178 1684 2241 quae
1711 2162 1891 2223 multa
1915 2179 2097 2242 saepe
2123 2161 2302 2223 virilis

126 2244 407 2317 audaciae
443 2248 702 2309 facinora
740 2246 1157 2311 commiserat.
1188 2244 1348 2309 Haec
1387 2246 1594 2310 mulier
1626 2264 1846 2326 genere
1877 2252 2062 2332 atque
2098 2248 2302 2320 forma,

124 2338 435 2411 praeterea
482 2333 604 2393 viro
653 2342 831 2410 atque
876 2330 1075 2394 liberis
1124 2331 1266 2393 satis
1315 2333 1604 2393 fortunata
1655 2331 1792 2405 suit,
1839 2312 2021 2394 literis
2076 2332 2302 2409 graecis

125 2423 305 2495 atque
339 2414 534 2479 latinis
568 2418 757 2485 docta,
794 2417 1043 2513 psallere
1071 2424 1128 2477 et
1160 2418 1374 2477 saltare
1401 2415 1722 2499 elegantius
1747 2434 1919 2496 quam
1947 2436 2191 2481 neeesse
2215 2426 2305 2479 est

125 2500 370 2583 probae,
404 2502 587 2565 multa
628 2502 736 2566 alia
770 2521 920 2583 quae
950 2502 1342 2576 instrumenta
1364 2500 1628 2565 luxuriae
1651 2511 1806 2569 sunt.
1855 2503 1974 2565 Sed
1999 2503 2054 2565 ei
2077 2503 2304 2565 cariora

129 2605 370 2668 semper
396 2590 594 2651 omnia
618 2606 792 2669 quam
823 2590 1005 2653 decus
1033 2594 1208 2667 atque
1232 2587 1506 2668 pudicitia
1533 2589 1714 2663 fuere,
1743 2590 2004 2669 pecunia
2017 2609 2090 2651 an
2114 2592 2304 2652 famae

125 2674 323 2735 minus
371 2684 637 2763 parceret
680 2673 837 2739 haud
870 2674 1039 2737 facile
1086 2674 1478 2748 discerneres,
1513 2674 1776 2749 lubidine
1809 2676 1896 2737 sic
1929 2695 2198 2748 accensa,
2238 2682 2302 2737 ut

127 2759 367 2837 saepius
392 2768 617 2841 peteret
640 2762 795 2825 viros
820 2777 1003 2841 quam
1029 2766 1348 2841 peteretur.
1395 2761 1514 2823 Sed
1539 2779 1610 2821 ea
1645 2780 1822 2859 saepe
1847 2763 2096 2825 antehac
2125 2762 2302 2823 iidem

125 2842 488 2925 prodiderat,
537 2848 821 2913 creditum
860 2846 1244 2923 abiuraverat,
1291 2846 1488 2913 caedis
1537 2847 1774 2909 conscia
1819 2848 2019 2919 fuerat,
2077 2847 2302 2909 luxuria

124 2936 304 3008 atque
335 2928 532 3009 inopia
569 2952 853 3025 praeceps
888 2933 1131 2998 abierat.
1189 2932 1444 2995 Verum
1427 2932 1729 3011 ingenium
1756 2931 1884 2993 eius
1905 2932 2066 2995 haud
2086 2933 2300 2995 absur-

128 3013 303 3089 dum;
334 3034 516 3098 posse
537 3020 745 3088 versus
768 3020 990 3093 facere,
1009 3010 1204 3084 iocum
1226 3036 1481 3092 movere,
1505 3036 1780 3079 sermone
1803 3017 1888 3077 uti
1907 3018 2000 3079 vel
2023 3021 2298 3081 modesto

126 3102 220 3161 vel
262 3102 421 3165 molli
473 3104 565 3168 vel
605 3106 881 3191 procaci,
894 3124 1150 3190 prorsus
1181 3098 1416 3167 multae
1459 3086 1704 3167 facetiae
1747 3104 2080 3185 multusque
2129 3106 2300 3185 lepos

125 3182 333 3251 inerat.

258 3260 417 3353 Cap-⁸
454 3272 655 3337 xxvi.
731 3272 835 3341 uis
870 3275 1054 3339 rebus
1104 3272 1456 3353 comparatis
1491 3272 1730 3337 Catilina
1773 3270 1964 3355 nihilo
2007 3277 2206 3337 minus
2235 3276 2298 3337 in

126 3377 483 3439 proxumum
506 3351 743 3425 annum.
751 3362 1119 3425 consulatum
1138 3357 1379 3441 petebat
1395 3378 1665 3439 speram,
1691 3359 1742 3421 si
1761 3360 2104 3441 designatus
2125 3364 2296 3437 soret,

129 3445 295 3506 facile
320 3464 386 3505 se
408 3465 479 3507 ex
506 3446 805 3510 voluntate
830 3446 1081 3509 Antonio
1106 3466 1373 3509 usurum.
1417 3446 1620 3527 Neque
1647 3446 1868 3507 interea
1893 3446 2122 3525 quietus
2153 3454 2295 3521 erat,
2371 3510 2373 3517 ,

132 3530 239 3593 sed
268 3530 541 3597 omnibus
563 3532 757 3599 modis
782 3530 1027 3598 insidias
1048 3530 1294 3615 parabat
1320 3531 1604 3595 Ciceroni.
1666 3530 1870 3613 Neque
1893 3532 1975 3593 illi
1999 3542 2194 3599 tamen
2219 3532 2296 3595 ad
