2400 3900
136 65 242 130 '44
851 66 915 128 e.
961 14 1372 128 smusru‘
1398 65 1677 149 GRJSPD

162 189 434 268 cultique,
477 185 606 266 quis
643 183 808 246 cibus
832 192 960 246 erat
985 200 1120 246 caro
1142 185 1331 246 ferina
1352 193 1525 262 atque
1542 183 1705 264 humi
1732 183 2011 264 pabulum
2038 182 2136 242 uti
2160 199 2355 260 peco-

157 275 342 336 ribuS.
385 273 433 333 li
465 289 658 351 neque
693 270 958 333 moribus
989 287 1186 349 neque
1220 269 1351 347 lege
1380 270 1487 330 aut
1510 269 1758 348 imperio
1784 270 2139 346 cuiusquam
2170 285 2353 345 rege-

158 359 390 432 bantur,
409 358 556 437 vagi,
575 356 861 436 palanteS,
881 373 1026 436 quas
1043 374 1162 416 nox
1175 362 1448 434 coegerat
1466 355 1641 415 sedes
1658 355 1971 419 habebant.
2016 354 2151 414 Sed
2174 364 2355 432 post·

161 463 331 524 quam
367 444 430 504 in
455 441 734 522 Hispania
768 441 1085 516 Hercules,
1127 441 1299 502 sicuti
1330 440 1455 502 Afri
1494 441 2001 521 putant,.interiit‚
2036 441 2353 500 exercitus

161 531 284 590 eius
321 529 686 608 compositus
723 546 795 588 ex
831 527 1005 588 variis
1045 527 1319 605 gentibus
1353 525 1571 588 amisso
1611 527 1761 587 duce
1786 545 1856 587 ac
1878 525 2107 605 passim
2138 527 2353 586 multis

161 614 274 676 sibi
304 614 554 694 quisque
587 613 898 693 imperium
927 612 1265 692 petentibus
1298 612 1464 674 brevi
1504 611 1797 674 dilabitur.
1840 613 1924 672 Ex
1966 631 2037 672 eo
2074 629 2349 672 numero

159 699 347 780 Medi,
386 701 602 762 Persae
635 708 694 761 et
719 698 956 760 Armeni
988 699 1237 760 navibus
1272 698 1335 759 in
1372 699 1627 760 Africam
1658 696 1973 760 transvecti
2003 714 2349 774 proxumos

162 793 366 847 nostro
402 786 550 848 mari
584 786 746 846 locos
783 801 1164 863 occupavere.
1210 784 1332 844 Sed
1364 783 1581 846 Persae
1611 785 1767 846 intra
1790 783 2091 846 Oceanum
2128 785 2345 861 magiS,

161 871 316 950 iique
339 871 532 932 alveos
557 869 796 932 navium
817 869 1090 930 invorsos
1115 887 1227 948 pro
1255 869 1503 947 tuguriis
1526 871 1812 943 habuere,
1832 869 1967 948 quia
1982 887 2199 946 neque
2220 887 2345 930 ma-

161 1061 323 1106 mare
344 1059 621 1120 magnum
641 1047 698 1100 et
714 1039 914 1117 ignara
932 1039 1130 1118 lingua
1149 1040 1499 1101 commercia
1520 1040 1929 1118 prohibebant.
1964 1039 2011 1100 li
2029 1040 2343 1118 paullatim

34 1191 49 1198 ,
165 1148 272 1208 per
323 1124 622 1189 connubia·
652 1125 895 1187 Getulos
941 1144 1144 1188 secum
1188 1125 1511 1200 miscuere,
1558 1134 1617 1186 et
1640 1127 1782 1206 ‚quia
1820 1145 1997 1204 saepe
2029 1132 2341 1188 tentantes

106 1219 110 1228 “
163 1233 340 1292 agros
378 1211 486 1273 alia
526 1211 737 1273 deinde
775 1211 884 1272 alia
916 1211 1046 1272 loca
1083 1212 1428 1291 petiverant,
1454 1220 1645 1273 semet
1664 1211 1777 1291 ipsi
1801 1212 2095 1272 Nomadas
2126 1213 2341 1292 appel-

162 1300 377 1360 lavere.
425 1299 697 1359 Ceterum
733 1297 926 1358 adhuc
961 1298 1225 1360 aedificia
1246 1298 1629 1358 Numidarum
1657 1301 1997 1376 agrestium,
2024 1316 2185 1375 quae
2214 1317 2341 1359 ma-

162 1385 314 1464 palia
343 1385 425 1445 illi
460 1391 701 1456 vocant,
741 1383 1022 1460 oblonga,
1059 1382 1315 1444 incurvis
1351 1382 1631 1444 lateribus
1667 1391 1847 1458 tecta,
1892 1382 2063 1461 quasi
2097 1385 2340 1446 navium

166 1471 396 1532 carinae
433 1477 592 1530 sunt.
653 1468 844 1528 Medis
873 1475 1070 1528 autem
1110 1477 1166 1529 et
1201 1468 1471 1536 Armenis
1500 1487 1809 1530 accessere
1835 1467 2045 1548 Libyes
2078 1471 2261 1542 (nam
2284 1470 2341 1530 hi

163 1555 409 1636 propius
447 1572 609 1616 mare
635 1553 891 1616 Africum
925 1554 1235 1632 agitabant,
1263 1553 1455 1615 Getuli
1493 1552 1603 1614 sub
1628 1556 1751 1618 sole
1772 1554 1979 1632 magiS‚
2006 1554 2171 1616 haud
2198 1575 2341 1634 pro-

168 1641 262 1702 cul
288 1642 358 1702 ab
385 1641 747 1716 ardoribus),
771 1640 928 1720 iique
955 1650 1178 1703 mature
1201 1641 1420 1720 oppida
1440 1640 1721 1715 habuere,
1746 1658 1883 1701 nam
1900 1641 2049 1708 freto
2073 1639 2250 1702 divisi
2270 1641 2339 1702 ab

166 1727 446 1808 Hispania
474 1735 698 1789 mutare
721 1745 815 1786 res
838 1726 989 1786 inter
1014 1745 1078 1786 se
1113 1725 1503 1788 instituerant.
1548 1726 1781 1788 Nomen
1808 1743 2015 1787 eorum
2033 1725 2341 1805 paullatim

166 1814 380 1892 Libyes
419 1830 756 1889 corrupere.
792 1810 1039 1872 barbara
1080 1811 1277 1888 lingua
1318 1811 1553 1874 Mauros
1588 1831 1697 1893 pro
1726 1812 1915 1873 Medis
1946 1807 2338 1891 appellantes·

169 1900 289 1960 Sed
307 1917 404 1961 res
423 1897 740 1958 Persarum
768 1895 932 1956 brevi
949 1895 1221 1971 adolevit,
1247 1915 1315 1959 ac
1338 1905 1547 1981 postea
1564 1898 1809 1962 nomine
1824 1896 2132 1973 Numidae,
2152 1917 2339 1980 prop-

167 1992 261 2044 ter
279 1981 708 2044 multitudinem
729 2000 762 2043 a
778 1982 1118 2060 parentibus
1139 1980 1407 2061 digressi,
1428 1986 1751 2065 possedere
1769 2004 1838 2047 ea
1854 1985 2003 2056 loca,
2024 2002 2181 2062 quae
2201 2006 2339 2065 pro-

165 2086 340 2129 xume
369 2067 777 2145 Carthaginem
801 2066 1069 2128 Numidia
1093 2069 1432 2148 appellatur.
1474 2070 1701 2131 Deinde
1722 2070 1952 2150 utrique
1976 2069 2181 2130 alteris
2210 2073 2337 2133 freti

166 2154 466 2216 finitumos
491 2153 668 2213 armis
695 2160 795 2213 aut
819 2162 980 2227 metu
999 2152 1109 2213 sub
1129 2153 1440 2233 imperium
1466 2174 1642 2217 suum
1666 2174 1935 2235 coegere,
1958 2173 2183 2217 nomen
2214 2160 2339 2237 glo-

167 2240 429 2319 riamque
451 2238 561 2300 sibi
582 2238 880 2312 addidere,
907 2238 1092 2317 magis
1113 2237 1171 2311 ii,
1199 2239 1299 2320 qui
1324 2240 1399 2300 ad
1424 2248 1692 2303 nostrum
1716 2260 1877 2302 mare
1900 2254 2335 2320 processerant,

171 2327 301 2405 quia
319 2324 530 2405 Libyes
565 2341 742 2406 quam
765 2323 957 2385 Getuli
991 2324 1184 2385 minus
1212 2324 1503 2399 bellicosi3
1538 2327 1792 2406 denique
1812 2326 2039 2389 Africae
2070 2345 2217 2407 pars
2252 2332 2335 2392 iu·
2364 2330 2379 2349 '⁴

168 2412 347 2473 ferior
386 2411 664 2489 pleraque
709 2412 782 2472 ab
819 2410 1084 2471 Numidis
1113 2429 1389 2489 possessa
1439 2424 1555 2485 est3
1604 2412 1736 2474 victi
1768 2430 1975 2474 omnes
2006 2412 2069 2473 in
2100 2424 2333 2491 gentem

170 2498 504 2573 nomenque
528 2496 940 2574 imperantium
970 2514 1338 2559 concessere.
1964 2568 1974 2571 ,

297 2580 460 2658 Cap.
484 2578 638 2641 XIX.
680 2581 892 2641 Postea
929 2582 1281 2657 PhoeniceS,
1316 2582 1409 2643 alii
1442 2582 1829 2645 multitudinis
1868 2582 2025 2643 domi
2062 2582 2335 2647 minuen-

115 2732 124 2739 ,
170 2665 278 2727 dae
302 2665 502 2745 gratia,
528 2682 666 2743 pars
688 2663 918 2744 imperii
945 2666 1241 2745 cupidine,
1271 2668 1577 2729 sollicitata
1612 2669 1785 2749 plebe
1812 2676 1871 2729 et
1898 2668 2025 2731 aliis
2050 2686 2337 2735 novarum

160 957 307 1038 teria
341 957 404 1017 in
441 955 595 1034 agris
636 973 832 1034 neque
861 953 934 1014 ab
967 953 1247 1035 Hispanis
1282 955 1524 1014 emundi
1558 964 1657 1016 aut
1687 955 1950 1016 mutandi
1981 953 2163 1033 copia
2198 962 2343 1026 erat,
2366 939 2379 1468 Ι

2364 2038 2379 2067 t·

24 2778 32 2793 ·
71 2808 80 2813 ,
169 2771 365 2814 rerum
406 2750 607 2824 avidiS,
637 2749 992 2830 Hipponem,
1028 2748 1472 2826 Hadrumetum,
1504 2752 1728 2833 Leptim
1776 2754 2035 2834 aliasque
2068 2754 2237 2817 urbis
2280 2760 2337 2818 in

169 2856 272 2898 ora
309 2837 596 2901 maritima
641 2836 978 2911 condidere,
1016 2856 1236 2917 eaeque
1264 2838 1429 2901 brevi
1466 2838 1709 2901 multum
1744 2849 1968 2914 auctae,
1996 2858 2135 2919 pars
2160 2843 2378 2922 origi-

169 2924 342 2984 nibus
381 2924 506 2984 suis
541 2922 854 3003 praesidio,
889 2922 1035 2983 aliae
1064 2923 1264 2985 decori
1290 2926 1485 2999 fuere3
1521 2943 1658 2986 nam
1682 2926 1755 2987 de
1788 2925 2133 3005 Carthagine
2162 2926 2337 2990 silere

169 3008 379 3069 melius
424 3017 566 3089 puto
605 3026 782 3090 quam
809 3026 1019 3087 parum
1059 3010 1275 3084 dicere,
1304 3009 1585 3090 quoniam
1612 3010 1723 3073 alio
1750 3030 2072 3092 properare
2101 3020 2334 3093 tempus

171 3102 391 3155 monet.
437 3094 618 3173 Igitur
653 3093 728 3155 ad
757 3094 1196 3169 Catabathmon,
1233 3096 1335 3175 qui
1368 3097 1533 3157 locus
1560 3096 1889 3178 Aegyptum
1919 3099 1991 3159 ab
2024 3098 2211 3159 Africa
2248 3098 2335 3161 di.

170 3178 330 3251 vidit,
356 3179 618 3241 secundo
644 3180 788 3241 mari
805 3179 996 3259 prima
1015 3182 1241 3259 Cyrene
1268 3188 1375 3254 est,
1402 3181 1626 3243 colonia
1648 3185 1945 3257 Thereon,
1969 3202 2037 3245 ac
2056 3184 2332 3267 deinceps

173 3264 322 3324 duae
350 3264 569 3343 Syrtes,
605 3266 874 3347 interque
911 3283 1009 3327 eas
1036 3266 1255 3345 Leptis,
1295 3267 1510 3328 deinde
1534 3268 1822 3331 Philenon
1856 3286 2009 3343 arae,
2038 3288 2206 3348 quem
2240 3271 2331 3333 lo-

175 3368 308 3410 cum
321 3350 643 3431 Aegyptum
666 3368 870 3413 versus
894 3350 1070 3413 finem
1092 3352 1324 3431 imperii
1346 3350 1605 3415 habuere
1626 3355 2167 3433 Carthaginienses3
2196 3366 2331 3433 post

175 3435 319 3496 aliae
346 3436 601 3498 Punicae
639 3438 839 3497 urbes.
889 3438 1096 3498 Cetera
1135 3439 1267 3499 loca
1300 3458 1487 3518 usque
1524 3441 1595 3499 ad
1622 3440 2019 3501 Mauritaniam
2050 3442 2327 3503 Numidae
2359 3434 2379 3474 ³

171 3528 391 3597 tenent,
422 3539 712 3601 proxume
738 3521 1076 3601 Hispaniam
1096 3522 1285 3585 Mauri
1312 3534 1490 3601 sunt3
1520 3543 1701 3605 super
1726 3524 2056 3587 Numidiam
2085 3526 2323 3590 Getulos
