2400 3900
805 329 868 392 c,
915 247 1390 439 sALtuS‘ru
1434 331 1729 394 cmspi

317 463 945 551 BELLUM
1069 464 1331 609 IlJG
1375 463 2249 614 URTIIINUM.

321 751 478 829 Cap.
511 751 555 811 1.
601 749 772 813 Falso
815 749 1076 828 queritur
1109 751 1182 810 de
1212 761 1418 811 natura
1456 769 1563 812 sua
1598 767 1785 830 genus
1810 749 2163 822 humanum,
2208 749 2360 828 quod

189 831 478 896 imbecilla
501 844 676 914 atque
701 835 828 896 aevi
851 835 1044 896 brevis
1073 835 1223 896 sorte
1247 836 1443 914 potius
1470 853 1643 916 quam
1666 836 1879 896 virtute
1901 842 2163 912 regatur.
2220 835 2359 896 Nam

191 929 392 982 contra
413 921 751 1001 reputando
777 939 972 999 neque
1009 923 1198 982 maius
1228 922 1383 982 aliud
1417 939 1611 1000 neque
1637 920 2041 1000 praestabilius
2066 919 2356 994 invenies

187 1009 491 1086 magisque
539 1014 780 1070 naturae
821 1007 1166 1069 industriam
1216 1006 1518 1074 hominum
1576 1025 1750 1086 quam
1802 1006 1917 1066 vim
1977 1013 2077 1066 aut
2113 1015 2355 1087 tempus

189 1093 422 1155 deesse.
469 1092 586 1152 Sed
615 1093 731 1153 dux
753 1099 928 1171 atque
955 1093 1279 1172 imperator
1300 1093 1451 1154 vitae
1482 1092 1813 1153 mortalium
1836 1093 2066 1153 animus
2092 1100 2215 1166 est,
2248 1093 2351 1172 qui,

166 1236 171 1241 ,,
188 1179 290 1240 uhi
316 1180 388 1239 ad
425 1178 666 1256 gloriam
693 1177 914 1241 virtutis
941 1180 1034 1239 via
1055 1187 1375 1279 grassatur,
1412 1179 1647 1240 abunde
1672 1177 1900 1257 pollens
1936 1178 2290 1258 potensque
2314 1188 2354 1238 et

191 1266 380 1325 clarus
401 1270 510 1337 est,
532 1282 724 1341 neque
746 1265 987 1326 fortuna
1011 1275 1176 1344 eget3
1206 1267 1423 1346 quippe
1446 1284 1593 1344 quae
1612 1264 1978 1363 probitatem,
2001 1263 2353 1325 industriam

189 1351 448 1429 aliasque
487 1349 626 1410 artis
668 1349 856 1410 bonas
902 1367 1098 1428 neque
1145 1353 1283 1412 dare
1320 1367 1541 1431 neque
1556 1351 1786 1442 eripere
1833 1350 2101 1428 cuiquam
2138 1359 2349 1428 potest

189 1437 296 1498 Sin
327 1443 530 1514 captus
565 1435 760 1514 pravis
807 1435 1180 1534 cupidinibus
1213 1437 1287 1496 ad
1318 1428 1600 1497 inertiam
1626 1447 1683 1497 et
1716 1438 2041 1515 voluptates
2088 1437 2350 1515 corporis

189 1539 432 1600 pessum
464 1520 636 1582 datus
661 1530 772 1595 est,
814 1521 1148 1601 perniciosa
1171 1521 1435 1582 lubidine
1454 1520 1775 1601 paullisper
1796 1540 1963 1594 usuS,
1995 1521 2097 1581 ubi
2120 1539 2244 1600 per
2268 1543 2350 1583 so·

193 1606 453 1669 cordiam
489 1607 662 1681 vireS,
721 1619 973 1686 tempuS‚
1021 1607 1323 1686 ingenium
1376 1609 1709 1682 diffluxere,
1760 1613 1935 1667 natm
1935 1625 2005 1666 ae
2044 1607 2349 1668 infirmitas

189 1702 515 1767 accusatur,
559 1712 727 1756 suam
765 1695 1014 1773 quisque
1056 1694 1283 1773 culpam
1318 1701 1546 1754 actores
1584 1692 1659 1752 ad
1696 1691 1928 1771 negotia
1970 1694 2347 1755 transferunt.

193 1779 418 1852 Quodsi
446 1779 786 1840 hominihus
807 1780 1098 1841 bonarum
1124 1799 1323 1840 rerum
1350 1789 1513 1841 tanta
1535 1796 1677 1840 cura
1702 1785 1876 1852 esset,
1912 1785 2131 1856 quanto
2158 1780 2348 1840 studio

195 1865 376 1926 aliena
398 1884 466 1926 ao
487 1865 629 1926 nihil
651 1867 956 1943 profutura
983 1866 1345 1944 multumque
1368 1867 1539 1927 etiam
1559 1864 1887 1944 periculosa
1908 1870 2135 1943 petunt,
2156 1885 2347 1945 neque
2369 1888 2380 1904 ··

191 1959 534 2029 regerentur
567 1951 751 2035 magis
791 1970 961 2031 quam
1011 1959 1287 2029 regerent
1322 1970 1511 2025 casuS,
1552 1958 1611 2010 et
1645 1969 1719 2011 eo
1759 1951 2180 2030 magnitudinis
2218 1901 2381 2055 pro-¹

191 2036 484 2111 cederent,
509 2036 612 2098 ubi
634 2055 742 2115 pro
767 2037 1108 2099 mortalibus
1133 2037 1315 2115 gloria
1340 2036 1561 2099 aeterni
1580 2037 1807 2097 fierent.
2378 2056 2381 2071 ²

321 2123 480 2202 Cap.
504 2123 576 2183 11.
621 2122 771 2183 Nam
802 2123 886 2184 uti
925 2142 1112 2201 genus
1148 2125 1473 2185 humanum
1496 2122 1893 2202 compositum
1918 2140 1987 2183 ex
2016 2140 2279 2201 corpore
2308 2134 2350 2184 et

189 2208 384 2272 anima
422 2216 531 2284 est,
568 2208 648 2269 ita
670 2228 768 2269 res
817 2210 1060 2271 cunctae
1097 2208 1405 2288 studiaque
1436 2209 1632 2271 omnia
1668 2214 1871 2269 nostra
1912 2210 2181 2288 corporis
2235 2211 2347 2278 alia,

192 2294 302 2356 alia
337 2296 513 2357 animi
539 2303 804 2357 naturam
837 2302 1184 2375 sequuntur.
1233 2294 1412 2373 Igitur
1432 2295 1727 2376 praeclara
1753 2294 1955 2367 facieS‚
1990 2312 2244 2373 magnae
2274 2298 2347 2357 di-

193 2381 380 2454 vitiae,
435 2383 506 2443 ad
547 2382 664 2443 hoc
701 2382 786 2444 vis
819 2383 1084 2463 corporis
1115 2392 1176 2443 et
1210 2382 1319 2442 alia
1347 2381 1755 2444 huiuscemodi
1793 2381 1985 2441 omnia
2009 2380 2167 2442 brevi
2209 2383 2345 2444 dila-

191 2464 530 2539 buntur3at
553 2467 772 2545 ingenii
797 2472 1028 2548 egregia
1061 2468 1335 2541 facinora,
1374 2470 1545 2530 sicu-ti
1570 2468 1784 2541 anima,
1820 2466 2165 2527 immortalia
2200 2478 2347 2531 sunt.

190 2548 499 2621 Postremo
537 2554 800 2629 corporis
827 2563 902 2621 ,et
937 2558 1207 2616 fortunae
1238 2554 1533 2617 bonorum
1565 2559 1631 2614 ut
1664 2551 1921 2625 initium,
1966 2552 2051 2615 sic
2075 2552 2213 2612 finis
2252 2567 2345 2627 est3
2375 2606 2377 2611 .

194 2636 506 2715 omniaque
541 2646 666 2697 orta
693 2638 998 2712 occidunt,
1043 2648 1099 2699 et
1121 2647 1292 2699 aucta
1317 2646 1663 2711 senescunt,
1702 2638 1927 2699 animus
1951 2637 2347 2719 incorruptus,

194 2730 485 2796 aeternus,
527 2723 994 2785 rector-humani
1035 2723 1267 2801 generis
1308 2726 1425 2802 agit
1468 2732 1642 2803 atque
1678 2722 1858 2783 habet
1902 2732 2125 2797 cuncta,
2160 2744 2349 2807 neque

191 2808 322 2889 ipse
352 2810 621 2871 habetur.
666 2810 798 2882 Quo
821 2810 1006 2889 magis
1032 2808 1285 2889 pravitas
1312 2828 1518 2871 eorum
1538 2809 1879 2870 admiranda
1904 2818 2011 2883 est,
2050 2809 2149 2888 qui
2174 2811 2349 2877 dediti

157 2916 160 2920 ·
195 2895 461 2975 corporis
497 2894 721 2975 gaudiis
756 2914 866 2974 per
896 2895 1098 2957 luxum
1139 2895 1331 2973 adque
1362 2895 1647 2974 ignaviam
1676 2902 1923 2956 aetatem
1950 2903 2145 2975 agunt,
2194 2894 2380 2959 cete-⁵

193 2998 325 3041 rum
359 2982 659 3061 ingenium
679 3028 694 3056 ,
727 3000 842 3060 quo
876 3000 1070 3062 neque
1105 2980 1319 3042 melius
1352 3000 1548 3061 neque
1583 2981 1831 3059 amplius
1870 2980 2026 3043 aliud
2061 2981 2122 3042 in
2145 2991 2348 3045 natura

194 3067 523 3130 mortalium
571 3075 681 3142 est,
727 3067 959 3136 incultu,
995 3077 1169 3147 atque
1199 3067 1472 3129 socordia
1515 3074 1859 3145 torpescere
1894 3067 2125 3142 sinunt3
2173 3087 2347 3147 quum

197 3155 542 3231 praesertim
573 3162 692 3215 tam
729 3154 944 3216 multae
972 3154 1283 3233 variaeque
1308 3153 1425 3214 sint
1460 3161 1617 3215 artes
1644 3153 1845 3228 animi,
1885 3152 2098 3232 quibus
2124 3171 2347 3217 summa
2376 3160 2381 3171 ⁴

197 3236 478 3300 claritudo
508 3247 767 3320 paratur.

327 3324 610 3405 Cap.111.
653 3328 868 3389 Verum
914 3344 984 3392 ex
1007 3324 1101 3387 his
1124 3324 1496 3404 magistratus
1526 3333 1587 3387 et
1606 3325 1866 3406 imperia,
1890 3331 2189 3404 postremo
2218 3346 2345 3387 om-

199 3410 292 3473 nis
325 3430 464 3479 cura
490 3429 688 3473 rerum
713 3412 1080 3492 publicarum
1103 3411 1361 3473 minume
1384 3411 1527 3473 mihi
1550 3412 1663 3473 hac
1683 3418 2031 3489 tempestate
2057 3410 2345 3489 cupiunda
2366 3440 2380 3485 1

201 3496 491 3568 videntur,
509 3495 786 3577 quoniam
813 3517 1006 3578 neque
1025 3498 1221 3560 virtuti
1240 3498 1437 3559 honos
1462 3498 1651 3570 datur,
1676 3513 1867 3573 neque
1889 3495 1988 3571 illi,
2009 3496 2213 3575 quibus
2232 3515 2343 3577 per
