2400 3900
745 87 772 114 s
787 61 1104 124 CATILIN.
1149 79 1204 123 c.
1230 60 1311 120 52
1326 95 1403 118 —.-
1421 59 1523 122 54.
1968 119 1988 124 ,
2146 59 2231 122 29

71 181 334 255 Gabinia,
374 179 618 254 Statilio,-
651 166 936 260 Caepario
969 177 1222 260 loquar?
1268 179 1481 258 quibus
1524 180 1575 240 si
1616 179 1933 259 quidquam
1976 173 2234 257 unquam

67 268 240 347 pensi
273 267 497 341 suisset,
543 284 667 328 non
699 285 768 326 ea
801 266 1040 328 consilia
1066 266 1138 327 de
1167 264 1471 343 republica
1488 265 1849 327 habuissent.
1904 266 2231 340 Postremo,

67 355 270 415 Patres
299 352 630 432 conscripti,
665 353 717 412 si
754 353 1086 414 mehercule
1125 357 1369 430 peceato
1405 350 1573 412 locus
1610 359 1783 425 esset,
1811 351 1977 412 facile
2003 361 2237 430 paterer

67 459 174 500 vos
197 439 327 519 ipsa
351 459 418 500 re
451 437 679 516 corrigi,
709 439 990 516 ,quoniam
1015 435 1190 499 verba
1228 454 1359 498 mea
1394 437 1797 512 contemnitis3
1821 439 1945 498 -sed
1976 437 2235 516 undique

71 524 445 588 circumventi
465 543 694 586 sumus.
751 524 991 588 Catilina
1027 541 1156 584 cum
1187 521 1442 583 exercitu
1466 521 1729 582 faucibus
1752 530 1937 601 urget,
1964 523 2058 584 alii
2084 523 2233 584 intra

68 610 300 672 moenia
322 607 495 690 atque
518 610 578 670 111
601 609 736 670 sinu
757 611 922 672 urbis
950 616 1088 670 suut
1113 608 1335 681 hostes,
1366 625 1558 685 neque
1583 608 1777 687 parari
1794 627 1987 688 neque
2006 609 2235 671 consuli

14 719 18 728 ·
71 695 380 776 quicquam
415 705 612 776 potest
635 697 890 770 occulte;
929 713 1045 771 quo
1083 693 1267 770 magis
1300 693 1737 773 properandum
1776 701 1881 754 est.
1938 693 2131 766 Quare
2156 695 2235 755 ita

71 799 316 844 censeo:
352 801 534 860 quum
569 780 790 840 nefario
825 779 1068 841 consilio
1113 781 1529 842 sceleratorum
1566 779 1777 840 civium
1806 779 2139 867 respublica
2174 781 2235 842 in

70 884 339 930 maxuma
359 866 628 962 pericula
637 865 872 939 venerit,
888 862 1354 944 iiqueindicioT.
1373 865 1649 928 Volturcii
1668 861 2061 942 etlegatorum
2075 865 2234 926 Allo·
2282 943 2287 948 ι

65 952 321 1036 brogum
367 950 614 1012 convicti
657 951 1037 1048 confessique
1068 951 1200 1024 sint,
1234 951 1524 1026 caedem,
1580 949 1853 1014 incendia
1905 949 2129 1027 aliaque
2172 969 2237 1011 se

67 1038 254 1098 foeda
271 1041 444 1116 atque
467 1036 724 1100 crudelia
747 1036 1037 1098 facinora
1021 1053 1082 1096 111
1107 1037 1248 1097 civis
1274 1037 1636 1118 patriamque
1658 1035 1973 1117 paravisse,
2000 1033 2075 1096 de
2095 1053 2237 1096 con-

67 1122 244 1183 fessis
267 1122 438 1184 sicuti
463 1123 538 1183 de
569 1123 888 1184 manifestis
913 1141 1113 1184 13111111
1133 1121 1467 1201 capitalium
1500 1141 1672 1186 more
1700 1121 1983 1184 maiorum
2010 1120 2237 1200 suppli-

69 1208 226 1278 cium
249 1209 660 1270 sumendumst‘

199 1294 361 1372 Gap.
383 1293 533 1354 Lm.
579 1295 896 1372 Postquam
922 1291 1059 1354 Cato
1087 1291 1334 1366 adsedit,
1362 1249 1715 1355 Consulares
1740 1311 1953 1353 31111133
1974 1291 2236 1371 itemque

71 1379 330 1440 Senatus
373 1397 584 1457 magna
621 1397 758 1457 pars
795 1375 1142 1439 sententiam
1185 1377 1313 1440 eius
1350 1379 1605 1453 laudant,
1648 1377 1933 1440 virtutem
1946 1365 2137 1438 animi
2160 1378 2237 1438 ad

75 1464 308 1526 coelum
344 1466 554 1538 ferunt,
599 1464 694 1526 alii
717 1464 862 1526 alios
903 1463 1271 1543 increpantes
1316 1464 1552 1526 timidos
1588 1471 1817 1537 vocant,
1862 1466 2003 1526 Cato
2048 1465 2239 1525 clarus

75 1557 256 1628 atque
289 1568 540 1629 magnus
574 1550 842 1622 habetur,
881 1550 1080 1611 Senati
1101 1551 1421 1613 decretum
1460 1551 1526 1610 fit
1562 1549 1731 1610 sicuti
1768 1549 1867 1610 ille
1909 1555 2239 1611 censuerat.

73 1635 198 1696 Sed
245 1635 386 1698 mihi
425 1636 604 1698 multa
633 1635 867 1714 legenti,
912 1637 1096 1696 multa
1125 1635 1401 1708 audienti,
1452 1651 1603 1712 quae
1645 1635 1903 1713 populus
1936 1635 2240 1696 Romanus

76 1720 236 1782 domi
273 1721 647 1800 militiaeque,
686 1721 837 1782 mari
871 1729 1046 1798 atque
1081 1728 1235 1781 terra
1276 1720 1575 1798 praeclara
1602 1719 1859 1782 facinora
1894 1720 2047 1793 fecit,
2088 1722 2241 1782 forte

73 1805 267 1867 lubuit
313 1809 636 1880 attendere,
695 1824 844 1884 quae
887 1823 988 1876 res
1035 1823 1305 1866 maxume
1359 1811 1515 1868 tanta
1560 1804 1797 1883 negotia
1844 1804 2241 1866 sustinuisset.

77 1891 348 1953 Sciebam
365 1911 544 1973 saepe
565 1909 810 1955 numero
829 1908 1012 1971 parva·
1028 1909 1206 1953 manu
1226 1910 1359 1956 cum
1382 1891 1608 1969 magnis
1630 1890 1959 1969 legionibus
1979 1890 2239 1953 hostium

78 1980 472 2052 contendisse,
511 1996 906 2058 cognoveram
939 1978 1136 2057 parvis
1171 1978 1357 2057 copiis
1394 1978 1547 2039 bella
1574 1984 1742 2056 gesta
1780 1996 1911 2041 cum
1943 1976 2236 2055 opulentis

75 2060 346 2140 regibus,
397 2065 472 2125 ad
515 2065 630 2125 hoc
669 2082 843 2143 saepe
885 2064 1154 2125 fortunae
1185 2064 1519 2127 uiolentiam
1560 2064 1921 2145 toleravisse,
1964 2062 2239 2137 facundia

77 2148 352 2225 Graecos,
395 2151 574 2229 gloria
606 2150 743 2211 belli
771 2150 964 2211 Gallos
1001 2156 1134 2210 ante
1161 2151 1463 2211 Romanos
1498 2146 1697 2210 fuisse.
1759 2151 1845 2211 Ac
1880 2148 2023 2210 mihi
2056 2149 2240 2209 multa

75 2232 314 2312 agitanti
339 2236 663 2309 constabat,
701 2253 1022 2314 paucorum
1049 2234 1261 2296 civium
1288 2234 1579 2313 egregiam
1602 2234 1875 2295 virtutem
1901 2238 2107 2294 cuncta
2133 2250 2240 2311 pa·
2311 2274 2321 2291 .

75 2320 340 2395 travisse,
363 2340 552 2399 eoque
573 2324 804 2392 factum,
824 2320 910 2381 uti
925 2320 1152 2381 divitias
1170 2331 1507 2400 paupertaS,
1526 2318 1953 2380 multitudinem
1974 2318 2239 2397 paucitas
2328 2383 2334 2392 .

75 2415 404 2483 superaret.
449 2407 571 2467 Sed
612 2412 924 2484 postquam
967 2406 1108 2467 luxu
1137 2416 1313 2483 atque
1354 2402 1577 2465 desidia
1604 2403 1801 2466 civitas
1824 2411 2103 2483 corrupta
2128 2412 2239 2476 est,

71 2508 282 2553 rursus
307 2490 638 2571 respublica
675 2489 1074 2568 magnitudine
1105 2508 1209 2551 sua
1246 2490 1667 2569 imperatorum
1710 2496 1885 2569 atque
1934 2488 2241 2567 magistra-

14 2622 16 2625 >
69 2584 240 2641 tuum
277 2575 410 2638 vitia
451 2576 832 2648 sustentabat,
868 2592 986 2649 33,
975 2575 1168 2643 sicuti
1206 2577 1375 2640 effeta
1408 2580 1737 2655 parentum,
1772 2573 1972 2636 multis
2010 2582 2243 2653 tempe-

73 2660 328 2723 statibus
371 2663 531 2725 baud
585 2680 728 2723 sane
761 2660 1074 2759 ‘quisquam
1111 2662 1336 2723 Romae
1376 2662 1589 2723 virtute
1629 2679 1879 2740 magnus
1924 2660 2057 2723 fuit.
2112 2659 2235 2721 Sed

14 2760 18 2769 ’
69 2747 357 2809 memoria
393 2766 520 2809 mea
555 2746 777 2827 ingenti
805 2746 1032 2820 virtute,
1069 2748 1324 2811 divorsis
1354 2748 1619 2810 moribus
1654 2750 1819 2809 fuere
1854 2746 1961 2807 viri
1984 2746 2123 2817 duo,
2156 2744 2235 2805 Μ.

71 2833 214 2895 Cato
239 2838 298 2893 et
323 2832 386 2893 C.
417 2834 646 2907 Caesar,
683 2852 850 2913 quos,
889 2832 1160 2911 quoniam
1184 2853 1281 2896 res
1313 2834 1619 2907 obtulerat,
1659 2831 1889 2895 silentio
1915 2816 2237 2909 praeterire

13 2937 22 2945 ·
71 2936 196 2979 non
225 2917 336 2979 fuit
363 2918 686 3003 consilium,
725 2919 868 2999 quin
895 2920 1200 2999 utriusque
1226 2927 1491 2983 naturam
1522 2926 1579 2980 et
1606 2936 1803 2983 mores
1830 2920 2113 2995 quantum
2136 2913 2234 2979 in-

69 3003 248 3082 genio
277 3020 510 3081 possem
539 3006 844 3103 aperirem.

202 3090 292 3151 Ca
308 3108 364 3167 p.
385 3087 532 3149 LlV.
585 3090 812 3169 Igitur
797 3091 870 3151 113
908 3109 1126 3189 3311113,
1159 3096 1339 3163 aetas,
1376 3042 1711 3170 eloquentia
1742 3106 1931 3169 prope
1972 3074 2237 3170 aequalia

72 3174 259 3248 fuere,
287 3174 630 3254 magnitudo
649 3176 828 3237 animi
855 3194 979 3255 par,
997 3177 1142 3239 item
1157 3176 1359 3255 gloria,
1388 3177 1494 3243 sed
1520 3175 1629 3237 3113
1653 3173 1769 3236 alii.
1816 3176 2033 3239 Caesar
2047 3178 2240 3238 bene-

71 3258 226 3321 ficiis
249 3275 326 3323 ac
339 3260 736 3323 munificentia
757 3279 1007 3338 1113311113
1030 3262 1371 3333 habebatur,
1398 3260 1731 3339 integritate
1757 3260 1905 3323 vitae
1924 3264 2089 3325 Cato.
2133 3262 2242 3323 llle

73 3346 528 3409 mansuetudine
563 3353 628 3411 et.
657 3345 1054 3409 misericordia
1087 3349 1281 3411 clarus
1310 3349 1515 3421 factus,
1544 3345 1684 3407 huic
1718 3348 2001 3411 severitas
2044 3346 2240 3425 digni-

21 3506 35 3513 -
73 3436 256 3493 tatem
281 3432 610 3497 addiderat.
653 3433 866 3495 Caesar
883 3434 1098 3508 dando,
1120 3434 1499 3504 sublevando,
1524 3430 1911 3509 ignoscendo,
1930 3436 2077 3495 Cato
2098 3430 2239 3493 nihil

14 3514 16 3517 ’
74 3514 386 3597 largiundo
413 3518 660 3597 gloriam
676 3520 921 3600 adeptus
947 3527 1055 3581 est.
1097 3520 1166 3581 In
1193 3521 1377 3583 altero
1402 3517 1635 3579 miseris
1657 3520 1983 3597 perfugium
2011 3525 2153 3589 erat,
2178 3518 2242 3578 in
