2400 3900
624 81 838 156 Bau„
883 91 1243 156 menam.
1288 53 1702 154 eea-101.
2156 93 2239 155 87
2304 161 2317 178 ,

51 182 320 272 barbari
341 228 452 272 suo
477 229 642 274 more
663 211 882 286 laetari,
911 211 1218 284 exsultare,
1244 219 1508 289 strepere
1532 211 1809 274 vocibusz
1838 221 1897 272 et
1920 210 2031 292 ipsi
2056 213 2237 276 duces

49 299 342 369 feroces,
387 299 522 376 quia
563 317 685 359 non
712 299 981 378 fugerant
1013 315 1122 378 pro
1159 296 1479 357 victoribus
1521 313 1713 374 agere.
1769 298 1888 358 Sed
1922 315 1989 358 ea
2030 305 2237 358 cuncta
2290 299 2325 328 Ι

49 382 362 444 Romanis
387 401 459 443 ex
489 383 746 446 tenebris
769 391 828 445 et
853 381 1198 445 editioribus
1219 381 1363 444 locis
1388 380 1573 443 facilia
1598 381 1722 443 visu
1746 401 2075 464 magnoque
2096 385 2239 444 hor·

49 477 342 530 tamento
371 477 556 530 erant.
1059 473 1064 477 ’

209 556 374 634 Cap.
395 555 596 617 XCIX.
639 555 960 616 Plurimum
995 571 1136 613 vero
1167 551 1381 614 Marius
1412 551 1704 632 imperitia
1735 553 1989 614 hostium
2024 557 2241 618 confir-

51 648 274 700 matus
313 659 486 720 quam
528 657 862 702 maxumum
897 639 1184 699 silentium
1221 637 1422 698 haberi
1453 637 1633 712 iubet,
1666 656 1743 698 ne
1780 639 1945 716 signa
1984 641 2239 720 quidem,

51 725 153 786 uti
186 744 300 804 per
321 725 544 804 vigilias
577 725 862 798 solebant,
889 741 1130 799 canere3
1159 724 1391 799 deinde,
1412 723 1625 786 ubilux
1658 723 2021 799 adventabat,
2048 728 2241 790 deres-

53 811 154 871 sis
198 811 322 872 iam
354 810 626 872 hostibus
651 819 710 872 et
731 811 926 890 paullo
949 821 1082 872 ante
1106 827 1317 872 somno
1340 810 1545 891 captis,
1572 810 1647 872 de
1671 809 1990 890 improviso
2019 811 2237 890 vigiles

49 897 220 957 item
247 896 596 971 cohortium,
626 904 968 968 turmarum,
998 897 1293 976 legionum
1330 896 1621 958 tubicines
1646 896 1818 958 simul
1852 896 2041 958 omnis
2076 899 2241 976 signa

55 999 328 1054 canere,
378 982 590 1044 milites
625 983 940 1056 clamorem
977 984 1183 1044 tollere
1221 991 1394 1060 atque
1435 983 1622 1063 portis
1664 1001 1995 1062 erumpere.
2056 982 2247 1046 Mauri

51 1078 256 1146 atque
277 1067 518 1143 Gaetuli,
539 1068 742 1147 ignoto
761 1077 818 1129 et
837 1069 1100 1130 horribili
1125 1069 1323 1130 sonitu
1345 1076 1589 1147 repente
1613 1069 1800 1142 exciti,
1826 1087 2021 1147 neque
2044 1069 2248 1148 fugere

55 1171 275 1231 neque
300 1171 462 1214 arma
489 1173 714 1235 capere,
753 1173 944 1235 neque
982 1154 1223 1214 omnino
1250 1155 1443 1226 facere
1472 1164 1573 1216 aut
1604 1156 1913 1234 providere
1938 1154 2248 1234 quicquam

59 1246 385 1318 poterant3
423 1240 501 1301 ita
529 1249 772 1301 cunctos
798 1239 1061 1318 strepitu,
1098 1239 1369 1311 clamore,
1404 1240 1563 1300 nullo
1589 1238 1993 1314 subveniente,
2026 1241 2247 1304 nostris

57 1323 469 1399 instantibuS,
523 1325 803 1400 tumultu,
857 1333 1109 1397 terrore,
1164 1324 1417 1385 formido
1466 1326 1631 1404 quasi
1674 1327 1947 1387 vecordia
1988 1337 2247 1406 ceperat.

59 1409 348 1489 Denique
403 1427 610 1471 omnes
652 1411 766 1471 fusi
806 1410 1132 1489 fugatique,
1179 1427 1339 1470 arma
1376 1418 1434 1471 et
1469 1412 1635 1490 signa
1667 1412 1932 1474 militaria
1968 1413 2249 1492 pleraque

64 1503 266 1576 capta,
287 1496 604 1575 pluresque
623 1515 694 1556 eo
713 1497 949 1575 praelio,
972 1515 1142 1576 quam
1160 1496 1435 1557 omnibus
1454 1497 1877 1577 superioribus,
1897 1499 2252 1580 interempti.

65 1583 225 1642 Nam
255 1600 467 1645 somno
497 1590 555 1643 et
575 1591 736 1644 metu
762 1583 1000 1644 insolito
1023 1582 1301 1662 impedita
1326 1582 1481 1660 fuga.

213 1661 300 1728 C'a
314 1686 374 1747 p.
398 1669 459 1731 C.
504 1668 650 1729 Dein
687 1669 936 1740 MariuS,
969 1668 1051 1728 uti
1091 1676 1391 1746 coeperat,
1429 1667 1489 1727 in
1522 1665 1787 1740 hiberna,
1820 1683 1969 1746 quae
2003 1678 2249 1750 propter

72 1763 474 1814 commeatum
500 1754 561 1814 in
598 1753 829 1833 oppidis
861 1748 1196 1826 maritumis⁸
1220 1770 1395 1830 agere
1425 1752 1787 1826 decreverat3
1825 1770 2020 1832 neque
2051 1761 2250 1816 tamen

74 1839 322 1900 victoria
349 1857 553 1900 socors
579 1845 679 1899 aut
703 1839 964 1900 insolens
990 1839 1207 1911 factus,
1246 1839 1352 1898 sed
1383 1834 1604 1916 pariter
1634 1847 1807 1917 atque
1840 1837 1901 1898 in
1931 1846 2255 1920 conspectu

69 1925 342 1987 hostium
370 1925 652 2005 quadrato
677 1923 906 2005 agmine
933 1923 1227 1988 incedere.
1274 1924 1431 1985 Sulla
1457 1943 1589 1985 cum
1628 1924 1886 2004 equitatu
1914 1926 2070 2005 apud
2109 1926 2251 1988 dex-

26 2002 30 2019 *
73 2023 302 2086 tumos,
335 2012 398 2072 in
433 2012 667 2073 sinistra
693 2018 856 2091 parte
883 2012 950 2072 A.
980 2012 1223 2072 Manlius
1258 2029 1393 2071 cum
1416 2010 1809 2072 funditoribus
1838 2019 1897 2073 et
1920 2012 2249 2091 sagittariiS,

72 2107 384 2177 praeterea
444 2098 719 2159 cohortes
765 2097 1044 2175 Ligurum
1088 2097 1356 2172 curabat3
1402 2096 1626 2176 primos
1677 2107 1736 2159 et
1774 2104 2069 2159 extremos
2116 2116 2251 2161 cum

75 2182 372 2263 expeditis
399 2184 712 2263 manipulis
750 2183 1016 2244 tribunos
1052 2183 1363 2244 locaverat.
1408 2182 1711 2259 Persugae,
1746 2183 2005 2243 minume
2040 2184 2153 2244 cari
2194 2192 2253 2245 et

71 2268 388 2347 regionum
433 2268 862 2340 scientissumi,
898 2268 1152 2329 hostium
1193 2268 1304 2328 iter
1340 2266 1750 2345 explorabant3
1793 2267 1967 2329 simul
2012 2268 2249 2343 Consul,

79 2354 259 2435 quasi
287 2352 446 2415 nullo
470 2354 766 2432 imposito,
791 2353 985 2413 omnia
1007 2351 1331 2431 providere,
1356 2351 1512 2431 apud
1539 2351 1731 2411 omnis
1758 2351 1987 2425 adesse,
2013 2352 2251 2417 laudare

76 2451 142 2501 et
165 2439 476 2517 increpare
491 2438 792 2499 merentis.
838 2440 972 2517 lpse
995 2445 1253 2498 armatus
1268 2438 1663 2515 intentusque,
1680 2436 1819 2502 item
1840 2438 2053 2499 milites
2074 2458 2250 2520 coge-

73 2527 210 2597 bat,
249 2542 446 2603 neque
481 2542 653 2586 secus
689 2533 861 2604 atque
895 2524 1005 2585 iter
1036 2524 1256 2597 facere,
1298 2530 1484 2585 castra
1524 2522 1783 2597 munire,
1819 2524 2152 2586 excubitum
2189 2527 2251 2589 in

73 2619 253 2691 porta
275 2609 547 2672 cohortes
574 2630 642 2671 ex
662 2610 1006 2689 legionibus,
1030 2627 1142 2690 pro
1161 2610 1365 2669 castris
1386 2607 1611 2687 equites
1631 2609 1959 2672 auxiliarios
1984 2612 2249 2689 mittere;

78 2704 386 2775 praeterea
428 2696 572 2758 alios
609 2715 790 2776 super
823 2696 1033 2757 vallum·
1070 2695 1130 2755 in
1176 2694 1550 2757 munimentis
1590 2694 1815 2769 locare,
1862 2696 2083 2775 vigilias
2118 2697 2249 2777 ipse

81 2782 414 2855 circumire,
443 2802 566 2844 non
596 2793 712 2845 tam
751 2782 1069 2845 diffidentia
1108 2781 1303 2855 futuri,
1332 2800 1479 2861 quae
1512 2781 1933 2859 imperavisset,
1966 2800 2137 2860 quam
2166 2782 2251 2844 uti

80 2868 360 2929 militibus
398 2865 752 2947 exaequatus
802 2886 934 2929 cum
969 2868 1321 2947 imperatore
1364 2866 1529 2927 labos
1568 2866 1900 2931 volentibus
1939 2876 2118 2928 esset.
2178 2868 2264 2931 Et·

50 2969 230 3015 ‘sane
273 2953 489 3015 Marius
531 2954 748 3034 illoque
788 2953 1030 3032 aliisque
1069 2952 1435 3031 temporibus
1472 2950 1800 3031 Iugurthini
1839 2952 1976 3016 belli
2022 2952 2249 3032 pudore

85 3040 270 3117 magis
299 3056 472 3118 quam
499 3039 654 3101 malo
683 3037 1358 3113 exercitumcoercebat3
1384 3038 1541 3120 quod
1562 3036 1725 3101 multi
1745 3056 1853 3117 per
1872 3037 2248 3103 ambitionem

87 3126 213 3187 fieri
255 3125 513 3197 aiebant,
553 3144 721 3205 pars,
770 3126 928 3204 quod
974 3144 1006 3186 a
1042 3122 1289 3203 pueritia
1335 3130 1679 3185 consuetam
1713 3123 1980 3184 duritiam
2022 3134 2079 3187 et
2122 3126 2248 3201 alia,

90 3211 236 3290 quae
263 3210 440 3275 ceteri
464 3209 730 3285 miserias
758 3217 980 3283 vocant,
1005 3209 1286 3289 voluptati
1308 3208 1631 3271 habuisset.
1668 3207 1790 3271 Nisi
1816 3216 2007 3271 tamen
2033 3230 2249 3293 respu-

89 3297 238 3358 blica
262 3298 480 3377 pariter
501 3315 568 3357 ac
593 3294 1220 3375 saevissumo‘imperio
1247 3295 1399 3356 bene
1426 3302 1600 3373 atque
1627 3294 1841 3359 decore
1872 3305 2055 3375 gesta.

219 3382 304 3443 Ca
319 3404 376 3463 p.
405 3382 494 3443 ΕΙ.
527 3382 708 3461 Igitur
729 3387 932 3461 quarto
967 3382 1221 3461 denique
1249 3382 1341 3443 die
1370 3382 1525 3442 haud
1554 3380 1729 3461 longe
1755 3381 1828 3443 ab
1856 3383 2075 3465 oppido
2096 3380 2247 3442 Cirta

94 3468 346 3547 undique
371 3468 544 3529 simul
569 3467 967 3547 speculatores
988 3466 1084 3528 citi
1111 3485 1242 3528 sese
1260 3468 1594 3542 ostendunt,
1622 3486 1734 3548 qua
1755 3487 1816 3529 re
1834 3468 2018 3531 hostis
2037 3468 2245 3529 adesse

94 3552 455 3633 intellegitur.
482 3554 618 3615 Sed
656 3552 788 3633 quia
831 3552 1050 3615 divorsi
1085 3552 1419 3630 redeuntes,
1448 3553 1595 3615 alius
1628 3554 1701 3616 ab
1738 3554 1847 3616 alia
1878 3558 2043 3635 parte
2074 3561 2249 3634 atque
