2400 3900
136 68 235 132 74.
840 65 904 126 e.
948 55 1360 128 sactus'ru‘
1381 65 1618 131 CfflSPI
1675 39 1686 46 “

137 186 308 267 Lepti
332 185 411 246 ad·
432 183 729 245 Metellum
753 192 1051 258 venerant,
1074 190 1330 255 oranteS,
1351 182 1434 245 uti
1453 181 1810 262 praesidium
1836 176 2326 264 praefectumque

141 293 212 334 eo
238 273 527 342 mitteret;
554 268 939 334 Hamilcarem
960 270 1296 349 quemdam,
1331 269 1640 331 hominem
1661 268 1941 343 nobilem,
1981 271 2322 346 factiosum,

138 358 307 421 novis
334 355 517 417 rebus
536 356 799 428 studere,
834 358 1154 418 advorsum
1176 367 1353 434 quem
1377 372 1574 452 neque
1599 355 1846 434 imperia
1866 356 2326 436 magistratuum

137 461 335 521 neque
378 441 539 518 leges
578 441 867 517 valerent3
912 443 973 504 ni
1008 441 1070 504 id
1112 441 1432 514 festinaret,
1473 442 1532 504 in
1577 457 1812 505 summo
1849 443 2110 523 periculo
2138 462 2324 506 suam

138 529 404 600 salutem
446 527 679 590 illorum
715 529 911 588 socios
946 529 1089 590 fore.
1139 527 1284 590 Nam
1319 525 1609 606 Leptitani
1641 527 1758 591 iam
1791 527 1932 590 inde
1959 547 1995 589 a
2019 529 2320 622 principio

137 613 276 678 belli
310 613 637 710 Iugurthini
663 615 739 676 ad
772 613 1029 676 Bestiam
1064 613 1368 677 consulem
1401 620 1462 673 et
1492 621 1700 692 postea
1729 613 1974 678 Romam
2012 608 2320 690 miserant,

138 699 455 762 amicitiam
513 700 974 779 societatemque
1025 711 1314 778 rogatum.
1396 699 1649 774 Deinde,
1709 699 1809 760 ubi
1861 719 1930 762 ea
1977 700 2318 780 impetrata,

140 804 379 866 semper
414 785 559 847 boni
592 786 915 865 fidelesque
960 803 1231 846 mansere
1269 793 1327 845 et
1361 791 1570 847 cuncta
1605 803 1637 845 a
1665 785 1914 859 Bestia,·
1939 787 2152 848 Albino
2189 789 2320 850 Me-
2369 831 2371 842 1

137 873 397 951 telloqu'e
421 872 703 951 imperata
730 891 879 934 nave
900 873 1179 932 fecerant.
1222 871 1426 950 ltaque
1455 871 1528 932 ab
1553 871 1909 950 imperatore
1934 873 2120 948 facile,
2161 893 2320 953 quae

64 1013 75 1020 ,
138 958 447 1039 petebant,
494 957 711 1036 adepti.
787 957 1051 1018 Emissae
1098 975 1169 1016 eo
1207 956 1480 1018 cohortes
1515 955 1796 1036 Ligurum
1843 967 2117 1038 quattuor
2155 970 2218 1021 et
2249 961 2317 1024 C.

138 1045 367 1106 Annius
392 1044 745 1123 praefectus.

43 1116 55 1135 ⁸
266 1128 757 1209 Cap.LXXV111.
825 1128 890 1189 Id
926 1128 1213 1208 oppidum
1253 1126 1326 1187 ab
1373 1127 1630 1188 Sidoniis
1669 1129 1966 1196 conditum
2003 1139 2120 1203 est,
2161 1148 2318 1209 quos

137 1215 472 1294 accepimus
526 1215 812 1313 profugos
868 1214 947 1276 ob
998 1212 1332 1276 discordias
1380 1213 1566 1275 civilis
1606 1214 1860 1275 navibus
1901 1214 1964 1274 in
2009 1234 2113 1277 eos
2136 1216 2316 1278 locos

137 1299 405 1364 venisse·
390 1345 407 1374 ,
449 1309 712 1362 ceterum
734 1300 911 1362 situm
932 1301 1084 1362 inter
1109 1302 1258 1362 duas
1281 1299 1504 1379 Syrtes,
1541 1297 1756 1377 quibus
1780 1318 2002 1362 nomen
2032 1319 2105 1362 ex
2127 1321 2198 1362 re
2221 1303 2318 1364 in-

137 1387 343 1448 ditum.
416 1385 565 1446 Nam
598 1387 719 1448 duo
756 1392 899 1447 sunt
932 1385 1097 1447 sinus
1144 1403 1337 1466 prope
1381 1383 1444 1446 in
1489 1395 1748 1448 extrema
1783 1385 2007 1460 Africa,
2049 1386 2316 1466 impares

134 1470 554 1550 magnitudine,
592 1471 719 1551 pari
749 1477 987 1545 natura3
1032 1489 1286 1550 quorum
1320 1489 1604 1549 proxuma
1628 1481 1822 1532 terrae
1854 1473 2112 1550 praealta
2151 1482 2318 1549 sunt,

138 1564 349 1629 cetera,
378 1557 461 1618 uti
486 1559 609 1618 fors
630 1557 779 1630 tulit,
809 1558 942 1630 alta,
968 1557 1077 1618 alia
1104 1557 1167 1618 in
1188 1565 1536 1635 tempestate
1566 1557 1806 1619 vadosa.
1851 1558 2002 1618 Nam
2028 1557 2128 1620 ubi
2150 1578 2320 1621 mare

136 1659 421 1720 magnum=
452 1661 585 1704 esse
620 1650 679 1706 et
700 1642 925 1706 saevire
960 1643 1151 1704 ventis
1192 1641 1412 1721 eoepit,
1447 1642 1653 1704 limum
1689 1661 2044 1722 arenamque
2074 1650 2140 1706 >et
2173 1664 2320 1708 saxa

136 1729 391 1806 ingentia
456 1729 667 1791 fluctus
726 1729 996 1802 trahunt,
1051 1728 1130 1788 ita
1174 1728 1351 1789 facies
1402 1729 1666 1789 locorum
1719 1747 1850 1791 cum
1896 1729 2086 1790 ventis
2135 1731 2320 1794 simul

135 1822 416 1876 mutatur.
460 1814 687 1894 [Syrtes
717 1814 791 1876 ab
827 1821 1017 1876 tractu
1042 1814 1418 1892 nominatae.]
1464 1813 1602 1874 Eius
1629 1813 1871 1876 civitatis
1906 1814 2105 1893 lingua
2127 1819 2316 1879 modo
2368 1885 2372 1900 ‚

136 1917 422 1961 convorsa
470 1899 766 1962 connubio
820 1900 1234 1974 Numidarum,
1283 1899 1478 1979 legum
1531 1900 1838 1984 cultusque
1884 1901 2166 1981 pleraque
2215 1903 2314 1965 Si-

136 1986 381 2060 donica3
426 1985 577 2063 q'uae
610 2006 681 2047 eo
708 1986 931 2053 facilius
955 1988 1303 2060 retinebant,
1339 1986 1496 2065 quod
1527 1985 1734 2065 procul
1765 1987 1842 2053 ,ab
1877 1986 2126 2068 imperio
2154 1990 2318 2068 regis

134 2078 381 2131 aetatem
402 2071 673 2150 agebant.
715 2074 879 2133 Inter
892 2073 1024 2135 illos
1045 2082 1101 2135 et
1118 2075 1482 2151 frequentem
1501 2071 1835 2145 Numidiam
1859 2074 2025 2135 multi
2045 2077 2320 2155 vastique

131 2157 245 2218 loci
272 2166 459 2219 erant.
528 2214 531 2217 ,
2369 2196 2371 2205 ·

262 2244 351 2305 Ca
368 2264 429 2323 p.
446 2244 703 2305 LXXIX.
750 2244 870 2305 Sed
893 2241 1172 2323 quoniam
1203 2241 1266 2302 in
1291 2244 1398 2305 has
1424 2243 1700 2322 regiones
1731 2261 1841 2323 per
1864 2244 2321 2324 Leptitanorum

136 2330 370 2407 negotia
400 2330 694 2403 ν6ιιίιιιιιε,
730 2348 854 2391 ιιοιι
883 2328 1186 2406 indignum
1221 2328 1452 2391 videtur
1487 2328 1786 2408 egregium
1827 2336 2004 2409 atque
2041 2330 2320 2394 mirabile
2370 2342 2371 2355 ¹

135 2416 363 2477 facinus
400 2416 651 2478 duorum
684 2413 1246 2493 Carthaginiensium
1276 2434 1621 2490 memorare,
1659 2434 1788 2476 eam
1817 2434 1946 2478 rem
1978 2433 2092 2476 nos
2142 2417 2320 2481 locus

72 2568 75 2573 ,
134 2500 463 2567 admonuit.
508 2502 635 2573 Qua
661 2507 1011 2581 tempestate
1030 2500 1548 2579 Carthaginienses
1583 2501 1902 2580 pleraeque
1925 2501 2160 2563 Africae
2199 2504 2320 2565 im-

134 2586 485 2666 peritabant,
514 2587 885 2666 Cyrenenses
921 2604 1153 2667 quoque
1190 2587 1390 2665 magni
1415 2594 1594 2665 atque
1623 2587 1891 2665 opulenti
1923 2588 2106 2652 fuere
2156 2589 2323 2669 Ager

132 2672 195 2733 in
234 2672 429 2735 medio
470 2691 775 2745 arenosuS,
814 2690 933 2736 una
975 2670 1206 2749 specie3
1247 2690 1438 2751 neque
1477 2674 1718 2744 flumen,
1741 2691 1936 2753 neque
1961 2690 2136 2735 mons
2159 2686 2322 2752 erat,

134 2759 234 2838 qui
266 2759 401 2823 finis
438 2776 645 2821 eorum
686 2758 1077 2831 discerneret,
1110 2776 1261 2835 quae
1296 2776 1394 2819 res
1423 2776 1526 2819 eos
1555 2758 1618 2819 in
1663 2777 1874 2837 magno
1905 2759 2324 2841 diuturnoque
2366 2802 2372 2871 1

131 2844 287 2907 bello
323 2847 481 2909 inter
514 2864 580 2909 se
601 2844 832 2909 habuit.
890 2846 1210 2923 Postquam
1245 2844 1538 2923 utrimque
1573 2844 1865 2923 legiones,
1903 2845 2043 2907 item
2084 2846 2372 2909 classes‘
2346 2882 2371 2971 1

134 2948 315 3029 saepe
348 2934 512 2994 fusae
555 2933 935 3010 fugataeque,
982 2940 1040 2991 et
1078 2928 1242 2989 alteri
1273 2931 1488 2992 alteros
1523 2930 1883 3008 aliquantum
1917 2930 2324 3009 adtriverant3

134 3017 321 3087 veriti,
356 3038 429 3079 ne
466 3036 603 3079 mox
631 3017 817 3079 victos
843 3018 1210 3113 victoresque
1239 3016 1504 3077 defessos
1541 3015 1686 3077 alius
1723 3017 2174 3117 aggrederetur,
2205 3037 2324 3099 per

134 3088 431 3164 inducias
420 3103 817 3183 sponsionem
846 3102 1079 3175 faciunt,
1114 3100 1197 3163 uti
1235 3110 1395 3162 certo
1427 3102 1520 3163 die
1553 3102 1726 3181 legati
1760 3104 1948 3165 domo
1963 3092 2324 3183 proficisce-
2370 3178 2371 3181 1

131 3196 357 3262 rentur,
391 3207 509 3268 quo
544 3189 760 3255 intono
792 3189 949 3252 inter
976 3206 1045 3249 se
1078 3186 1236 3247 obvii
1262 3186 1527 3261 fuissent,
1559 3187 1612 3249 is
1631 3188 1964 3251 communis
1991 3191 2322 3271 utriusque

130 3274 333 3354 populi
358 3273 491 3335 finis
507 3274 859 3339 haberetur.
904 3273 1086 3352 Igitur
1110 3273 1456 3351 Carthagine
1485 3275 1606 3335 duo
1631 3276 1842 3337 fratres
1879 3274 2064 3349 missi,
2089 3276 2320 3355 quibus

133 3378 352 3423 nomen
376 3360 671 3423 Philaenis
698 3368 839 3434 erat,
864 3368 1232 3421 maturavere
1257 3359 1368 3421 iter
1387 3378 1652 3440 pergere,
1681 3361 2048 3458 Cyrenenses
2074 3362 2316 3426 tardius

133 3445 274 3505 iere.
334 3447 398 3506 Id
442 3447 789 3506 socordiane
826 3464 901 3505 an
934 3462 1073 3507 casu
1106 3445 1418 3520 acciderit,
1451 3465 1661 3526 parum
1697 3445 1968 3523 cognovi.
2027 3448 2372 3511 Ceterum

134 3530 285 3594 solet
322 3532 385 3593 in
422 3531 535 3593 illis
568 3530 717 3597 locis
752 3540 1077 3611 tempestas
1118 3532 1278 3592 haud
1315 3545 1492 3595 secus
1535 3539 1707 3611 atque
1741 3530 1804 3593 in
1841 3533 1990 3595 mari
2023 3533 2316 3598 retinere.
