2400 3900
733 79 1052 144 CATILIN.
1097 99 1150 142 c.
1177 79 1259 140 58
1281 79 1476 144 -61.
2091 75 2182 144 3³

31 205 250 282 posset,
273 215 546 262 maxumo
575 198 830 260 clamore
857 217 990 260 cum
1009 199 1236 262 infestis
1261 199 1845 276 signis-concurrunt,
1868 199 1983 280 pila
2008 199 2183 262 omit-

32 294 179 361 tunt,
205 285 407 364 gladiis
431 303 528 345 res
555 285 790 362 geritur.
833 285 1104 346 Veterani
1130 285 1409 364 pristinae
1428 285 1655 348 virtutis
1678 304 1973 348 memores
2001 287 2183 348 comi-

33 391 144 433 nus
179 371 387 433 acriter
416 369 654 440 instare,
683 370 765 432 illi
789 371 948 433 haud
971 370 1158 432 timidi
1183 370 1483 443 resistunt,
1518 389 1787 433 maxuma
1820 372 1877 432 vi
1912 379 2183 434 certatur.

33 459 260 520 Interea
283 456 521 518 Catilina
552 473 685 526 cum
718 456 1000 537 expeditis
1024 457 1085 516 in
1120 455 1311 535 prima
1348 455 1469 516 acie
1506 459 1737 532 versari,
1784 457 2183 520 laborantibus

33 559 398 614 succurrere,
435 541 698 619 integros
732 559 841 620 pro
865 541 1080 604 sauciis
1119 559 1439 614 accersere,
1463 542 1658 602 omnia
1682 543 2010 622 providere,
2032 544 2185 604 mul-

34 641 157 689 tum
180 629 306 707 ipse
333 645 616 707 pugnare,
643 645 823 706 saepe
843 626 1080 689 hostem
1105 626 1297 688 ferire.
1343 627 1575 688 Strenui
1603 627 1799 689 militis
1826 638 1885 690 et
1907 629 2049 690 boni
2072 630 2184 691 im·

33 715 317 794 peratoris
342 713 532 775 officia
559 712 732 772 simul
761 711 1209 792 exsequebatur.
1262 712 1543 786 Petreius,
1580 713 1679 773 ubi
1709 713 1862 774 videt
1886 715 2187 776 Catilinam

33 809 236 862 contra
281 819 352 860 ac
399 805 562 859 ratus
613 806 738 860 erat
780 816 990 876 magna
1027 799 1080 860 vi
1104 797 1367 872 tendere,
1404 799 1707 860 cohortem
1740 800 2090 877 praetoriam
2126 802 2186 863 in

33 886 262 948 medios
273 884 460 946 hostis
479 884 580 942 ind
588 881 703 944 ucit
706 901 938 979 ‚eosque
957 885 1329 964 perturbatos
1346 893 1521 964 atque
1532 883 1675 945 alios
1694 883 1828 946 alibi
1846 885 2187 948 resistentes

33 971 354 1044 interfecit3
380 969 590 1031 deinde
599 967 900 1065 utrimque
919 987 990 1033 ex
1007 971 1291 1033 lateribus
1310 980 1537 1042 ceteros
1554 961 1909 1048 aggreditur.
1944 971 2190 1034 Manlius

33 1067 93 1118 et
105 1053 508 1118 Faesulanus
491 1073 553 1114 m
579 1053 784 1134 primis
806 1063 1140 1134 pugnantes
1157 1059 1395 1117 cadunt.
1437 1056 1681 1118 Catilina
1694 1061 2007 1136 postquam
2028 1057 2190 1117 fusas

35 1141 236 1239 copias
265 1159 447 1220 seque
477 1158 608 1201 cum
637 1141 840 1218 paucis
871 1141 1138 1204 relietum
1171 1143 1331 1202 videt
1361 1159 1591 1201 memor
1610 1143 1843 1220 generis
1870 1150 2045 1222 atque
2070 1141 2193 1221 pri-

35 1228 224 1290 stinae
271 1245 412 1288 suae
458 1224 770 1302 dignitatis,
823 1226 886 1286 in
933 1226 1417 1328 confertissumos
1462 1227 1667 1288 hostes
1708 1227 1956 1288 incurrit
1998 1227 2195 1306 ibique

38 1330 312 1395 pugnans
339 1310 692 1374 confoditur.

169 1399 332 1477 Cap.
353 1395 504 1458 Lxl.
548 1395 674 1456 Sed
690 1395 958 1458 confecto
983 1393 1205 1492 praelio
1228 1402 1348 1456 tum
1369 1414 1521 1458 vero
1534 1414 1827 1470 cerneres,
1856 1404 2071 1476 quanta
2093 1415 2197 1458 au-

13 1483 209 1544 dacia
241 1489 612 1579 quantaque
611 1481 699 1542 vis
723 1481 902 1544 animi
936 1480 1187 1544 fuisset
1170 1499 1235 1542 m
1266 1483 1523 1545 exercitu
1548 1482 1843 1546 Catilinae.
1889 1483 2037 1544 Nam
2070 1483 2194 1543 fere

37 1585 214 1648 quem
251 1567 500 1646 quisque
541 1549 858 1646 pugnando
887 1567 1084 1630 locum
1121 1575 1373 1646 ceperat,
1418 1587 1553 1630 eum
1588 1569 1804 1630 amissa
1832 1567 2026 1629 anima
2056 1587 2195 1629 cor-

35 1671 186 1734 pore
225 1653 472 1734 tegebat.
520 1652 700 1714 Pauci
737 1660 954 1726 autem,
995 1671 1148 1731 quos
1182 1653 1410 1714 medios
1448 1654 1661 1714 cohors
1694 1653 1985 1734 praetoria
2018 1654 2195 1715 disie-

40 1747 216 1812 cerat,
240 1740 434 1818 paullo
461 1737 774 1810 diversius,
809 1739 919 1798 sed
943 1756 1150 1801 omnes
1175 1747 1373 1800 tamen
1394 1739 1663 1800 adversis
1680 1737 2021 1800 volneribus
2047 1757 2219 1802 con-⁴
2338 1793 2344 1800 .

37 1825 323 1888 ciderant.
373 1823 615 1887 Catilina
643 1840 778 1884 vero
799 1824 978 1901 longe
997 1842 1033 1884 a
1057 1823 1180 1886 suis
1207 1823 1361 1886 inter
1388 1824 1649 1886 hostium
1674 1823 1963 1885 cadavera
1988 1841 2198 1902 reper-

35 1919 132 1973 tus
161 1919 268 1987 est,
317 1909 578 1991 paullum
605 1908 778 1971 etiam
801 1909 1032 1990 spirans
1053 1908 1445 1990 ferociamque
1472 1910 1666 1986 animi,
1706 1927 1881 1991 quam
1914 1909 2201 1973 habuerat

36 1996 223 2070 vivuS,
249 1996 314 2057 in
337 1995 495 2055 voltu
516 1994 804 2057 retinens.
841 1997 1148 2059 Postremo
1183 2015 1255 2057 ex
1278 1997 1437 2057 omni
1459 1997 1644 2077 copia,
1678 2014 1871 2077 neque
1892 1996 1952 2057 in
1978 1997 2197 2077 praelio
2280 2064 2287 2072 ,

37 2100 234 2160 neque
261 2081 324 2141 in
352 2083 485 2160 fuga
512 2080 818 2161 quisquam
851 2080 990 2144 civis
1017 2081 1311 2160 ingenuus
1338 2092 1545 2161 captus
1572 2093 1693 2159 θεῖς
1730 2084 1808 2145 ita
1835 2083 2031 2144 cuncti
2056 2100 2201 2144 suae

37 2167 420 2249 hostiumque
441 2166 590 2227 vitae
609 2166 764 2229 iuxta
788 2176 1192 2246 pepercerant.
1238 2168 1441 2247 Neque
1462 2176 1660 2230 tamen
1686 2168 1975 2230 exercitus
1998 2168 2203 2247 populi

38 2252 288 2313 Romani
325 2254 534 2315 laetam
566 2262 669 2315 aut
697 2253 1062 2315 incruentam
1089 2253 1393 2319 victoriam
1420 2256 1669 2334 adeptus
1698 2263 1850 2327 erat3
1880 2270 2019 2313 nam
2048 2260 2201 2313 stre-

38 2338 310 2399 nuissum
319 2358 388 2399 us
414 2338 664 2417 quisque
689 2347 788 2405 aut
821 2338 1116 2399 occiderat
1136 2340 1195 2399 in
1226 2338 1449 2419 praelio
1474 2350 1574 2401 aut
1593 2339 1847 2417 graviter
1866 2337 2200 2399 volneratus

40 2423 414 2485 discesserat.
459 2421 622 2485 Multi
643 2428 858 2496 autem,
883 2422 978 2500 qui
1009 2424 1084 2484 de
1103 2423 1315 2483 castris
1342 2424 1573 2487 visundi
1588 2434 1687 2486 aut
1710 2422 1998 2504 spoliandi
2022 2422 2202 2502 gratia

41 2513 480 2589 processerant,
525 2506 824 2569 volventes
860 2508 1096 2569 ,hostilia
1131 2509 1416 2571 cadavera
1455 2509 1704 2572 amicum
1736 2508 1851 2583 alii,
1892 2526 2031 2589 pars
2059 2510 2202 2571 hos-

41 2593 231 2675 pitem
265 2601 364 2658 aut
407 2597 724 2671 cognatum
767 2593 1167 2673 reperiebant3
1222 2595 1389 2657 fuere
1418 2594 1577 2669 item,
1614 2597 1715 2676 qui
1747 2595 2015 2658 inimicos
2054 2614 2197 2658 suos

42 2687 496 2757 cognoscerent.
557 2678 646 2739 Ita
688 2678 846 2741 varie
889 2697 1000 2759 per
1043 2698 1277 2745 omnem
1312 2682 1627 2745 exercitum
1672 2681 1901 2756 laetitia,
1947 2700 2199 2758 moeror,

39 2764 237 2827 luctus
261 2774 436 2844 atque
455 2764 668 2844 gaudia
689 2763 1075 2844 agitabantur.

165 3620 361 3667 Sallust.
395 3621 581 3670 cnuffln.
891 3590 924 3607 -···
963 3591 970 3600 Ι
1764 3606 1805 3669 a
