<?xml version="1.0" encoding="UTF-8"?>
<!DOCTYPE html PUBLIC "-//W3C//DTD XHTML 1.0 Transitional//EN"
    "http://www.w3.org/TR/xhtml1/DTD/xhtml1-transitional.dtd">
<html xmlns="http://www.w3.org/1999/xhtml" xml:lang="en" lang="en">
 <head>
  <title>
</title>
<meta http-equiv="Content-Type" content="text/html;charset=utf-8" />
  <meta name='ocr-system' content='tesseract 3.04.00' />
  <meta name='ocr-capabilities' content='ocr_page ocr_carea ocr_par ocr_line ocrx_word'/>
</head>
<body>
  <div class='ocr_page' id='page_1' title='image "./csallustiicrisp00kochgoog_0017.png"; bbox 0 0 2400 3900; ppageno 0'>
   <div class='ocr_carea' id='block_1_1' title="bbox 763 39 2244 112">
    <p class='ocr_par' dir='ltr' id='par_1_1' title="bbox 763 39 2244 112">
     <span class='ocr_line' id='line_1_1' title="bbox 763 39 2244 112; baseline 0.003 -4"><span class='ocrx_word' id='word_1_1' title='bbox 763 43 1096 108; x_wconf 59' lang='lat' dir='ltr'>ceram.</span> <span class='ocrx_word' id='word_1_2' title='bbox 1141 63 1194 110; x_wconf 91' lang='lat' dir='ltr'>c.</span> <span class='ocrx_word' id='word_1_3' title='bbox 1224 43 1519 108; x_wconf 77' lang='lat'><strong>12—17.</strong></span> <span class='ocrx_word' id='word_1_4' title='bbox 2022 39 2029 45; x_wconf 63' lang='grc'><strong>’</strong></span> <span class='ocrx_word' id='word_1_5' title='bbox 2204 44 2244 112; x_wconf 76' lang='grc'>9</span> 
     </span>
    </p>
   </div>
   <div class='ocr_carea' id='block_1_2' title="bbox 17 163 2293 3611">
    <p class='ocr_par' dir='ltr' id='par_1_2' title="bbox 53 163 2244 421">
     <span class='ocr_line' id='line_1_2' title="bbox 57 163 2244 266; baseline 0.001 -38"><span class='ocrx_word' id='word_1_6' title='bbox 57 167 506 240; x_wconf 74' lang='lat' dir='ltr'>existumarem,</span> <span class='ocrx_word' id='word_1_7' title='bbox 527 163 911 239; x_wconf 59' lang='lat' dir='ltr'>infrenitatem,</span> <span class='ocrx_word' id='word_1_8' title='bbox 940 181 1090 246; x_wconf 85' lang='lat' dir='ltr'>quae</span> <span class='ocrx_word' id='word_1_9' title='bbox 1115 163 1355 226; x_wconf 87' lang='lat' dir='ltr'>domum</span> <span class='ocrx_word' id='word_1_10' title='bbox 1380 163 1657 227; x_wconf 75' lang='lat' dir='ltr'>Catilinae</span> <span class='ocrx_word' id='word_1_11' title='bbox 1682 165 2109 266; x_wconf 76' lang='lat' dir='ltr'>frequentabat,</span> <span class='ocrx_word' id='word_1_12' title='bbox 2134 187 2244 252; x_wconf 91' lang='lat' dir='ltr'>pa-</span> 
     </span>
     <span class='ocr_line' id='line_1_3' title="bbox 53 212 2243 336; baseline 0.002 -21"><span class='ocrx_word' id='word_1_13' title='bbox 53 270 200 316; x_wconf 88' lang='lat' dir='ltr'>rum</span> <span class='ocrx_word' id='word_1_14' title='bbox 223 253 478 313; x_wconf 67' lang='lat' dir='ltr'>honeste</span> <span class='ocrx_word' id='word_1_15' title='bbox 491 249 846 332; x_wconf 69' lang='lat' dir='ltr'>pudicitiam</span> <span class='ocrx_word' id='word_1_16' title='bbox 865 212 1178 326; x_wconf 69' lang='lat' dir='ltr'>h’abuisse3</span> <span class='ocrx_word' id='word_1_17' title='bbox 1212 249 1319 312; x_wconf 84' lang='lat' dir='ltr'>sed</span> <span class='ocrx_word' id='word_1_18' title='bbox 1358 267 1430 310; x_wconf 88' lang='lat' dir='ltr'>ex</span> <span class='ocrx_word' id='word_1_19' title='bbox 1454 249 1590 311; x_wconf 88' lang='lat' dir='ltr'>aliis</span> <span class='ocrx_word' id='word_1_20' title='bbox 1610 253 1794 315; x_wconf 89' lang='lat' dir='ltr'>rebus</span> <span class='ocrx_word' id='word_1_21' title='bbox 1818 255 2029 336; x_wconf 80' lang='lat' dir='ltr'>magiS,</span> <span class='ocrx_word' id='word_1_22' title='bbox 2068 274 2243 336; x_wconf 91' lang='lat' dir='ltr'>quam</span> 
     </span>
     <span class='ocr_line' id='line_1_4' title="bbox 56 335 1818 421; baseline 0.001 -21"><span class='ocrx_word' id='word_1_23' title='bbox 56 339 229 421; x_wconf 82' lang='lat' dir='ltr'>qued</span> <span class='ocrx_word' id='word_1_24' title='bbox 253 338 529 418; x_wconf 71' lang='lat' dir='ltr'>cuiquam</span> <span class='ocrx_word' id='word_1_25' title='bbox 539 337 628 399; x_wconf 85' lang='lat' dir='ltr'>id</span> <span class='ocrx_word' id='word_1_26' title='bbox 619 347 1004 416; x_wconf 79' lang='lat' dir='ltr'>compertum</span> <span class='ocrx_word' id='word_1_27' title='bbox 1027 337 1197 412; x_wconf 80' lang='lat' dir='ltr'>foret,</span> <span class='ocrx_word' id='word_1_28' title='bbox 1224 337 1373 397; x_wconf 87' lang='lat' dir='ltr'>haec</span> <span class='ocrx_word' id='word_1_29' title='bbox 1394 335 1547 396; x_wconf 85' lang='lat' dir='ltr'>fama</span> <span class='ocrx_word' id='word_1_30' title='bbox 1573 339 1818 402; x_wconf 85' lang='lat' dir='ltr'>valebat.</span> 
     </span>
    </p>

    <p class='ocr_par' dir='ltr' id='par_1_3' title="bbox 55 386 2293 1366">
     <span class='ocr_line' id='line_1_5' title="bbox 183 386 2245 506; baseline 0.001 -19.021"><span class='ocrx_word' id='word_1_31' title='bbox 183 425 359 506; x_wconf 79' lang='lat' dir='ltr'>Cap.</span> <span class='ocrx_word' id='word_1_32' title='bbox 393 425 513 486; x_wconf 81' lang='lat' dir='ltr'><strong>X¹V.</strong></span> <span class='ocrx_word' id='word_1_33' title='bbox 593 424 714 484; x_wconf 84' lang='lat' dir='ltr'>Iam</span> <span class='ocrx_word' id='word_1_34' title='bbox 771 423 1028 504; x_wconf 80' lang='lat' dir='ltr'>primum</span> <span class='ocrx_word' id='word_1_35' title='bbox 1075 423 1426 485; x_wconf 86' lang='lat' dir='ltr'>adolescens</span> <span class='ocrx_word' id='word_1_36' title='bbox 1476 423 1721 486; x_wconf 86' lang='lat' dir='ltr'>Catilina</span> <span class='ocrx_word' id='word_1_37' title='bbox 1756 427 1942 488; x_wconf 86' lang='lat' dir='ltr'>multa</span> <span class='ocrx_word' id='word_1_38' title='bbox 1986 386 2245 490; x_wconf 82' lang='lat' dir='ltr'>nefanda</span> 
     </span>
     <span class='ocr_line' id='line_1_6' title="bbox 57 509 2245 591; baseline 0.001 -17"><span class='ocrx_word' id='word_1_39' title='bbox 57 519 288 591; x_wconf 73' lang='lat' dir='ltr'>stupra·</span> <span class='ocrx_word' id='word_1_40' title='bbox 281 513 517 572; x_wconf 61' lang='lat' dir='ltr'>lecerat</span> <span class='ocrx_word' id='word_1_41' title='bbox 541 521 676 572; x_wconf 82' lang='lat' dir='ltr'>cum</span> <span class='ocrx_word' id='word_1_42' title='bbox 699 509 923 589; x_wconf 70' lang='lat' dir='ltr'>virgine</span> <span class='ocrx_word' id='word_1_43' title='bbox 943 509 1144 584; x_wconf 85' lang='lat' dir='ltr'>nobili,</span> <span class='ocrx_word' id='word_1_44' title='bbox 1165 527 1297 570; x_wconf 89' lang='lat' dir='ltr'>cum</span> <span class='ocrx_word' id='word_1_45' title='bbox 1324 509 1632 570; x_wconf 74' lang='lat' dir='ltr'>sacerdote</span> <span class='ocrx_word' id='word_1_46' title='bbox 1646 511 1879 587; x_wconf 82' lang='lat' dir='ltr'>Vestae,</span> <span class='ocrx_word' id='word_1_47' title='bbox 1904 511 2014 574; x_wconf 85' lang='lat' dir='ltr'>alia</span> <span class='ocrx_word' id='word_1_48' title='bbox 2037 514 2245 591; x_wconf 83' lang='lat' dir='ltr'>huius·-</span> 
     </span>
     <span class='ocr_line' id='line_1_7' title="bbox 57 597 2244 676; baseline 0 -15"><span class='ocrx_word' id='word_1_49' title='bbox 57 598 304 661; x_wconf 73' lang='lat' dir='ltr'>eemodi</span> <span class='ocrx_word' id='word_1_50' title='bbox 329 605 532 660; x_wconf 83' lang='lat' dir='ltr'>contra</span> <span class='ocrx_word' id='word_1_51' title='bbox 565 597 663 658; x_wconf 82' lang='lat' dir='ltr'>ius</span> <span class='ocrx_word' id='word_1_52' title='bbox 694 597 922 676; x_wconf 85' lang='lat' dir='ltr'>fasque.</span> <span class='ocrx_word' id='word_1_53' title='bbox 979 597 1289 660; x_wconf 87' lang='lat' dir='ltr'>Postremo</span> <span class='ocrx_word' id='word_1_54' title='bbox 1318 603 1527 674; x_wconf 83' lang='lat' dir='ltr'>eaptus</span> <span class='ocrx_word' id='word_1_55' title='bbox 1562 613 1763 658; x_wconf 91' lang='lat' dir='ltr'>amore</span> <span class='ocrx_word' id='word_1_56' title='bbox 1789 599 2059 660; x_wconf 83' lang='lat' dir='ltr'>Aureliae</span> <span class='ocrx_word' id='word_1_57' title='bbox 2092 601 2244 662; x_wconf 85' lang='lat' dir='ltr'>Ore-</span> 
     </span>
     <span class='ocr_line' id='line_1_8' title="bbox 55 682 2250 781; baseline 0.002 -34"><span class='ocrx_word' id='word_1_58' title='bbox 55 684 272 758; x_wconf 66' lang='lat' dir='ltr'>stillae,</span> <span class='ocrx_word' id='word_1_59' title='bbox 307 685 472 748; x_wconf 73' lang='lat' dir='ltr'>euius</span> <span class='ocrx_word' id='word_1_60' title='bbox 497 689 736 764; x_wconf 64' lang='lat' dir='ltr'>praeter</span> <span class='ocrx_word' id='word_1_61' title='bbox 753 685 1014 744; x_wconf 66' lang='lat' dir='ltr'>{ormam</span> <span class='ocrx_word' id='word_1_62' title='bbox 1053 682 1197 743; x_wconf 89' lang='lat' dir='ltr'>nihil</span> <span class='ocrx_word' id='word_1_63' title='bbox 1226 699 1501 781; x_wconf 78' lang='lat' dir='ltr'>umquam</span> <span class='ocrx_word' id='word_1_64' title='bbox 1540 683 1735 745; x_wconf 89' lang='lat' dir='ltr'>bonus</span> <span class='ocrx_word' id='word_1_65' title='bbox 1770 683 2043 760; x_wconf 82' lang='lat' dir='ltr'>laudavit,</span> <span class='ocrx_word' id='word_1_66' title='bbox 2081 687 2250 767; x_wconf 85' lang='lat' dir='ltr'>quod</span> 
     </span>
     <span class='ocr_line' id='line_1_9' title="bbox 58 749 2244 850; baseline 0.001 -18"><span class='ocrx_word' id='word_1_67' title='bbox 58 787 138 832; x_wconf 84' lang='lat' dir='ltr'>ea</span> <span class='ocrx_word' id='word_1_68' title='bbox 159 771 390 832; x_wconf 76' lang='lat' dir='ltr'>nubere</span> <span class='ocrx_word' id='word_1_69' title='bbox 411 749 493 830; x_wconf 77' lang='lat' dir='ltr'>illi</span> <span class='ocrx_word' id='word_1_70' title='bbox 516 768 823 830; x_wconf 74' lang='lat' dir='ltr'>dubitabat</span> <span class='ocrx_word' id='word_1_71' title='bbox 844 769 1072 829; x_wconf 78' lang='lat' dir='ltr'>timens</span> <span class='ocrx_word' id='word_1_72' title='bbox 1109 767 1443 850; x_wconf 79' lang='lat' dir='ltr'>privignum</span> <span class='ocrx_word' id='word_1_73' title='bbox 1468 768 1663 831; x_wconf 81' lang='lat' dir='ltr'>adulta</span> <span class='ocrx_word' id='word_1_74' title='bbox 1686 775 1892 844; x_wconf 90' lang='lat' dir='ltr'>aetate,</span> <span class='ocrx_word' id='word_1_75' title='bbox 1929 782 2039 850; x_wconf 80' lang='lat' dir='ltr'>pro</span> <span class='ocrx_word' id='word_1_76' title='bbox 2079 782 2244 834; x_wconf 89' lang='lat' dir='ltr'>certo</span> 
     </span>
     <span class='ocr_line' id='line_1_10' title="bbox 63 844 2243 936; baseline 0.001 -19"><span class='ocrx_word' id='word_1_77' title='bbox 63 857 347 931; x_wconf 80' lang='lat' dir='ltr'>ereditur,</span> <span class='ocrx_word' id='word_1_78' title='bbox 365 863 576 918; x_wconf 81' lang='lat' dir='ltr'>necato</span> <span class='ocrx_word' id='word_1_79' title='bbox 597 854 718 914; x_wconf 73' lang='lat' dir='ltr'>filio</span> <span class='ocrx_word' id='word_1_80' title='bbox 741 844 982 916; x_wconf 72' lang='lat' dir='ltr'>vacuam</span> <span class='ocrx_word' id='word_1_81' title='bbox 1004 855 1140 916; x_wconf 85' lang='lat' dir='ltr'>dom</span> <span class='ocrx_word' id='word_1_82' title='bbox 1149 871 1247 916; x_wconf 88' lang='lat' dir='ltr'>um</span> <span class='ocrx_word' id='word_1_83' title='bbox 1266 855 1532 916; x_wconf 79' lang='lat' dir='ltr'>scelestis</span> <span class='ocrx_word' id='word_1_84' title='bbox 1552 857 1805 936; x_wconf 80' lang='lat' dir='ltr'>nuptiis</span> <span class='ocrx_word' id='word_1_85' title='bbox 1798 855 2031 918; x_wconf 83' lang='lat' dir='ltr'>fecisse.</span> <span class='ocrx_word' id='word_1_86' title='bbox 2074 860 2243 932; x_wconf 84' lang='lat' dir='ltr'>Quae</span> 
     </span>
     <span class='ocr_line' id='line_1_11' title="bbox 61 941 2243 1023; baseline 0 -19"><span class='ocrx_word' id='word_1_87' title='bbox 61 943 309 1023; x_wconf 88' lang='lat' dir='ltr'>quidem</span> <span class='ocrx_word' id='word_1_88' title='bbox 347 959 444 1002; x_wconf 85' lang='lat' dir='ltr'>res</span> <span class='ocrx_word' id='word_1_89' title='bbox 481 941 671 1002; x_wconf 86' lang='lat' dir='ltr'>mihi</span> <span class='ocrx_word' id='word_1_90' title='bbox 653 959 717 1003; x_wconf 86' lang='grc' dir='ltr'>ια</span> <span class='ocrx_word' id='word_1_91' title='bbox 756 941 962 1022; x_wconf 87' lang='lat' dir='ltr'>primis</span> <span class='ocrx_word' id='word_1_92' title='bbox 996 941 1231 1002; x_wconf 83' lang='lat' dir='ltr'>videtur</span> <span class='ocrx_word' id='word_1_93' title='bbox 1266 958 1477 1002; x_wconf 88' lang='lat' dir='ltr'>caussa</span> <span class='ocrx_word' id='word_1_94' title='bbox 1514 942 1698 1004; x_wconf 85' lang='lat' dir='ltr'>fuisse</span> <span class='ocrx_word' id='word_1_95' title='bbox 1736 942 2012 1004; x_wconf 86' lang='lat' dir='ltr'>facinoris</span> <span class='ocrx_word' id='word_1_96' title='bbox 2052 953 2243 1006; x_wconf 83' lang='lat' dir='ltr'>matu-</span> 
     </span>
     <span class='ocr_line' id='line_1_12' title="bbox 57 1027 2246 1110; baseline 0 -18"><span class='ocrx_word' id='word_1_97' title='bbox 57 1029 260 1092; x_wconf 85' lang='lat' dir='ltr'>randi.</span> <span class='ocrx_word' id='word_1_98' title='bbox 305 1029 570 1106; x_wconf 78' lang='lat' dir='ltr'>Namque</span> <span class='ocrx_word' id='word_1_99' title='bbox 593 1028 824 1096; x_wconf 80' lang='lat' dir='ltr'>animus</span> <span class='ocrx_word' id='word_1_100' title='bbox 847 1029 1135 1108; x_wconf 72' lang='lat' dir='ltr'>impurus,</span> <span class='ocrx_word' id='word_1_101' title='bbox 1161 1027 1273 1090; x_wconf 72' lang='lat' dir='ltr'>dm</span> <span class='ocrx_word' id='word_1_102' title='bbox 1298 1027 1755 1108; x_wconf 74' lang='lat' dir='ltr'>hominibusque</span> <span class='ocrx_word' id='word_1_103' title='bbox 1780 1029 2031 1090; x_wconf 76' lang='lat' dir='ltr'>infestus</span> <span class='ocrx_word' id='word_1_104' title='bbox 2050 1047 2246 1110; x_wconf 88' lang='lat' dir='ltr'>neque</span> 
     </span>
     <span class='ocr_line' id='line_1_13' title="bbox 58 1113 2293 1194; baseline 0 -16"><span class='ocrx_word' id='word_1_105' title='bbox 58 1114 278 1193; x_wconf 71' lang='lat' dir='ltr'>vigiliis</span> <span class='ocrx_word' id='word_1_106' title='bbox 304 1133 498 1194; x_wconf 76' lang='lat' dir='ltr'>neque</span> <span class='ocrx_word' id='word_1_107' title='bbox 525 1113 1042 1194; x_wconf 80' lang='lat' dir='ltr'>quietibussedari</span> <span class='ocrx_word' id='word_1_108' title='bbox 1075 1120 1325 1194; x_wconf 78' lang='lat' dir='ltr'>poterat,</span> <span class='ocrx_word' id='word_1_109' title='bbox 1358 1113 1439 1174; x_wconf 79' lang='lat' dir='ltr'>ita</span> <span class='ocrx_word' id='word_1_110' title='bbox 1466 1115 1829 1188; x_wconf 82' lang='lat' dir='ltr'>conscientia</span> <span class='ocrx_word' id='word_1_111' title='bbox 1848 1124 2107 1178; x_wconf 84' lang='lat' dir='ltr'>mentem</span> <span class='ocrx_word' id='word_1_112' title='bbox 2141 1135 2247 1178; x_wconf 84' lang='lat' dir='ltr'>ex·</span> <span class='ocrx_word' id='word_1_113' title='bbox 2288 1157 2293 1164; x_wconf 40' lang='lat'><strong>.</strong></span> 
     </span>
     <span class='ocr_line' id='line_1_14' title="bbox 64 1199 2245 1280; baseline 0 -16"><span class='ocrx_word' id='word_1_114' title='bbox 64 1201 244 1264; x_wconf 70' lang='lat' dir='ltr'>citam</span> <span class='ocrx_word' id='word_1_115' title='bbox 265 1201 546 1264; x_wconf 79' lang='lat' dir='ltr'>vastabat.</span> <span class='ocrx_word' id='word_1_116' title='bbox 594 1201 776 1280; x_wconf 81' lang='lat' dir='ltr'>Igitur</span> <span class='ocrx_word' id='word_1_117' title='bbox 795 1199 962 1263; x_wconf 86' lang='lat' dir='ltr'>color</span> <span class='ocrx_word' id='word_1_118' title='bbox 985 1200 1109 1262; x_wconf 84' lang='lat' dir='ltr'>eius</span> <span class='ocrx_word' id='word_1_119' title='bbox 1139 1199 1473 1277; x_wconf 80' lang='lat' dir='ltr'>exsanguis,</span> <span class='ocrx_word' id='word_1_120' title='bbox 1497 1201 1656 1262; x_wconf 81' lang='lat' dir='ltr'>foedi</span> <span class='ocrx_word' id='word_1_121' title='bbox 1676 1201 1851 1275; x_wconf 70' lang='lat' dir='ltr'>oculi,</span> <span class='ocrx_word' id='word_1_122' title='bbox 1860 1201 2021 1263; x_wconf 69' lang='lat' dir='ltr'>citus</span> <span class='ocrx_word' id='word_1_123' title='bbox 2034 1205 2245 1278; x_wconf 83' lang='lat' dir='ltr'>modo,</span> 
     </span>
     <span class='ocr_line' id='line_1_15' title="bbox 61 1285 2149 1366; baseline -0 -14"><span class='ocrx_word' id='word_1_124' title='bbox 61 1287 250 1352; x_wconf 78' lang='lat' dir='ltr'>modo</span> <span class='ocrx_word' id='word_1_125' title='bbox 275 1288 479 1350; x_wconf 66' lang='lat' dir='ltr'>tardus</span> <span class='ocrx_word' id='word_1_126' title='bbox 505 1287 796 1360; x_wconf 71' lang='lat' dir='ltr'>incessus,</span> <span class='ocrx_word' id='word_1_127' title='bbox 819 1303 1068 1366; x_wconf 84' lang='lat' dir='ltr'>prorsus</span> <span class='ocrx_word' id='word_1_128' title='bbox 1087 1286 1152 1348; x_wconf 84' lang='lat' dir='ltr'>in</span> <span class='ocrx_word' id='word_1_129' title='bbox 1177 1285 1325 1346; x_wconf 84' lang='lat' dir='ltr'>facie</span> <span class='ocrx_word' id='word_1_130' title='bbox 1345 1287 1623 1366; x_wconf 79' lang='lat' dir='ltr'>vultuque</span> <span class='ocrx_word' id='word_1_131' title='bbox 1645 1287 1919 1348; x_wconf 79' lang='lat' dir='ltr'>vecordia</span> <span class='ocrx_word' id='word_1_132' title='bbox 1940 1289 2149 1351; x_wconf 83' lang='lat' dir='ltr'>inerat.</span> 
     </span>
    </p>

    <p class='ocr_par' dir='ltr' id='par_1_4' title="bbox 60 1373 2251 2643">
     <span class='ocr_line' id='line_1_16' title="bbox 197 1373 2245 1453; baseline 0.001 -19"><span class='ocrx_word' id='word_1_133' title='bbox 197 1375 360 1452; x_wconf 85' lang='lat' dir='ltr'>Cap.</span> <span class='ocrx_word' id='word_1_134' title='bbox 382 1373 532 1434; x_wconf 86' lang='lat' dir='ltr'><strong>XVI.</strong></span> <span class='ocrx_word' id='word_1_135' title='bbox 585 1373 708 1434; x_wconf 86' lang='lat' dir='ltr'>Sed</span> <span class='ocrx_word' id='word_1_136' title='bbox 747 1373 1124 1447; x_wconf 86' lang='lat' dir='ltr'>iuventutem,</span> <span class='ocrx_word' id='word_1_137' title='bbox 1161 1384 1437 1451; x_wconf 75' lang='lat' dir='ltr'>quam.ut</span> <span class='ocrx_word' id='word_1_138' title='bbox 1468 1374 1646 1453; x_wconf 80' lang='lat' dir='ltr'>sup&#39;ra</span> <span class='ocrx_word' id='word_1_139' title='bbox 1678 1374 1937 1436; x_wconf 75' lang='lat' dir='ltr'>diximus</span> <span class='ocrx_word' id='word_1_140' title='bbox 1965 1375 2245 1450; x_wconf 78' lang='lat' dir='ltr'>illexerat,</span> 
     </span>
     <span class='ocr_line' id='line_1_17' title="bbox 60 1457 2247 1540; baseline -0.001 -16"><span class='ocrx_word' id='word_1_141' title='bbox 60 1458 270 1524; x_wconf 79' lang='lat' dir='ltr'>multis</span> <span class='ocrx_word' id='word_1_142' title='bbox 293 1458 486 1520; x_wconf 89' lang='lat' dir='ltr'>modis</span> <span class='ocrx_word' id='word_1_143' title='bbox 511 1459 665 1520; x_wconf 83' lang='lat' dir='ltr'>mala</span> <span class='ocrx_word' id='word_1_144' title='bbox 683 1459 946 1522; x_wconf 77' lang='lat' dir='ltr'>facinora</span> <span class='ocrx_word' id='word_1_145' title='bbox 971 1457 1274 1521; x_wconf 79' lang='lat' dir='ltr'>edocebat.</span> <span class='ocrx_word' id='word_1_146' title='bbox 1331 1459 1415 1519; x_wconf 84' lang='lat' dir='ltr'>Ex</span> <span class='ocrx_word' id='word_1_147' title='bbox 1446 1459 1562 1522; x_wconf 77' lang='lat' dir='ltr'>illis</span> <span class='ocrx_word' id='word_1_148' title='bbox 1586 1467 1770 1522; x_wconf 77' lang='lat' dir='ltr'>testes</span> <span class='ocrx_word' id='word_1_149' title='bbox 1798 1461 2247 1540; x_wconf 71' lang='lat' dir='ltr'>signatoresque</span> 
     </span>
     <span class='ocr_line' id='line_1_18' title="bbox 64 1545 2248 1628; baseline 0 -20"><span class='ocrx_word' id='word_1_150' title='bbox 64 1545 256 1608; x_wconf 85' lang='lat' dir='ltr'>falsos</span> <span class='ocrx_word' id='word_1_151' title='bbox 283 1546 679 1620; x_wconf 82' lang='lat' dir='ltr'>commodare,</span> <span class='ocrx_word' id='word_1_152' title='bbox 702 1547 900 1620; x_wconf 81' lang='lat' dir='ltr'>fide&#39;m,</span> <span class='ocrx_word' id='word_1_153' title='bbox 927 1549 1209 1621; x_wconf 83' lang='lat' dir='ltr'>fortunas,</span> <span class='ocrx_word' id='word_1_154' title='bbox 1245 1545 1503 1625; x_wconf 82' lang='lat' dir='ltr'>pericula</span> <span class='ocrx_word' id='word_1_155' title='bbox 1526 1546 1657 1606; x_wconf 80' lang='lat' dir='ltr'>vilia</span> <span class='ocrx_word' id='word_1_156' title='bbox 1682 1548 1921 1622; x_wconf 81' lang='lat' dir='ltr'>babere,</span> <span class='ocrx_word' id='word_1_157' title='bbox 1954 1556 2109 1628; x_wconf 89' lang='lat' dir='ltr'>post,</span> <span class='ocrx_word' id='word_1_158' title='bbox 2142 1547 2248 1610; x_wconf 86' lang='lat' dir='ltr'>ubi</span> 
     </span>
     <span class='ocr_line' id='line_1_19' title="bbox 68 1633 2247 1712; baseline 0.001 -20"><span class='ocrx_word' id='word_1_159' title='bbox 68 1649 280 1694; x_wconf 86' lang='lat' dir='ltr'>eorum</span> <span class='ocrx_word' id='word_1_160' title='bbox 303 1633 515 1696; x_wconf 81' lang='lat' dir='ltr'>famam</span> <span class='ocrx_word' id='word_1_161' title='bbox 541 1641 718 1712; x_wconf 83' lang='lat' dir='ltr'>atque</span> <span class='ocrx_word' id='word_1_162' title='bbox 738 1633 1030 1712; x_wconf 83' lang='lat' dir='ltr'>pudorem</span> <span class='ocrx_word' id='word_1_163' title='bbox 1054 1633 1385 1706; x_wconf 80' lang='lat' dir='ltr'>adtriverat,</span> <span class='ocrx_word' id='word_1_164' title='bbox 1418 1633 1644 1694; x_wconf 75' lang='lat' dir='ltr'>maiora</span> <span class='ocrx_word' id='word_1_165' title='bbox 1666 1633 1776 1693; x_wconf 88' lang='lat' dir='ltr'>alia</span> <span class='ocrx_word' id='word_1_166' title='bbox 1800 1634 2158 1712; x_wconf 85' lang='lat' dir='ltr'>imperabat3</span> <span class='ocrx_word' id='word_1_167' title='bbox 2194 1634 2247 1695; x_wconf 83' lang='lat' dir='ltr'>si</span> 
     </span>
     <span class='ocr_line' id='line_1_20' title="bbox 68 1717 2247 1798; baseline 0 -18"><span class='ocrx_word' id='word_1_168' title='bbox 68 1736 282 1780; x_wconf 88' lang='lat' dir='ltr'>caussa</span> <span class='ocrx_word' id='word_1_169' title='bbox 315 1720 604 1798; x_wconf 84' lang='lat' dir='ltr'>peccandi</span> <span class='ocrx_word' id='word_1_170' title='bbox 633 1720 700 1780; x_wconf 77' lang='lat' dir='ltr'>in</span> <span class='ocrx_word' id='word_1_171' title='bbox 731 1737 1018 1798; x_wconf 85' lang='lat' dir='ltr'>praesens</span> <span class='ocrx_word' id='word_1_172' title='bbox 1051 1719 1249 1779; x_wconf 87' lang='lat' dir='ltr'>minus</span> <span class='ocrx_word' id='word_1_173' title='bbox 1286 1719 1661 1797; x_wconf 81' lang='lat' dir='ltr'>suppetebat,</span> <span class='ocrx_word' id='word_1_174' title='bbox 1700 1717 1883 1780; x_wconf 82' lang='lat' dir='ltr'>nihilo</span> <span class='ocrx_word' id='word_1_175' title='bbox 1920 1720 2117 1781; x_wconf 85' lang='lat' dir='ltr'>minus</span> <span class='ocrx_word' id='word_1_176' title='bbox 2152 1721 2247 1780; x_wconf 92' lang='lat' dir='ltr'>in-</span> 
     </span>
     <span class='ocr_line' id='line_1_21' title="bbox 67 1803 2245 1884; baseline 0 -18"><span class='ocrx_word' id='word_1_177' title='bbox 67 1812 278 1866; x_wconf 78' lang='lat' dir='ltr'>sontes</span> <span class='ocrx_word' id='word_1_178' title='bbox 310 1804 480 1868; x_wconf 64' lang='lat' dir='ltr'>simii</span> <span class='ocrx_word' id='word_1_179' title='bbox 503 1813 708 1868; x_wconf 77' lang='lat' dir='ltr'>sontes</span> <span class='ocrx_word' id='word_1_180' title='bbox 733 1805 1172 1883; x_wconf 79' lang='lat' dir='ltr'>circumvenire,</span> <span class='ocrx_word' id='word_1_181' title='bbox 1209 1803 1503 1882; x_wconf 77' lang='lat' dir='ltr'>iugulare3</span> <span class='ocrx_word' id='word_1_182' title='bbox 1546 1804 1770 1866; x_wconf 86' lang='lat' dir='ltr'>scilicet</span> <span class='ocrx_word' id='word_1_183' title='bbox 1800 1824 1877 1866; x_wconf 87' lang='lat' dir='ltr'>ne</span> <span class='ocrx_word' id='word_1_184' title='bbox 1913 1823 2023 1884; x_wconf 89' lang='lat' dir='ltr'>per</span> <span class='ocrx_word' id='word_1_185' title='bbox 2060 1806 2245 1866; x_wconf 84' lang='lat' dir='ltr'>otium</span> 
     </span>
     <span class='ocr_line' id='line_1_22' title="bbox 65 1891 2245 1973; baseline 0 -20"><span class='ocrx_word' id='word_1_186' title='bbox 65 1898 482 1970; x_wconf 77' lang='lat' dir='ltr'>torpescerent</span> <span class='ocrx_word' id='word_1_187' title='bbox 503 1909 712 1953; x_wconf 88' lang='lat' dir='ltr'>manus</span> <span class='ocrx_word' id='word_1_188' title='bbox 735 1899 834 1955; x_wconf 88' lang='lat' dir='ltr'>aut</span> <span class='ocrx_word' id='word_1_189' title='bbox 858 1893 1104 1967; x_wconf 82' lang='lat' dir='ltr'>animus,</span> <span class='ocrx_word' id='word_1_190' title='bbox 1144 1891 1398 1971; x_wconf 82' lang='lat' dir='ltr'>gratuito</span> <span class='ocrx_word' id='word_1_191' title='bbox 1430 1891 1853 1973; x_wconf 81' lang='lat' dir='ltr'>potiusmalus</span> <span class='ocrx_word' id='word_1_192' title='bbox 1890 1900 2068 1972; x_wconf 88' lang='lat' dir='ltr'>atque</span> <span class='ocrx_word' id='word_1_193' title='bbox 2108 1909 2245 1953; x_wconf 87' lang='lat' dir='ltr'>cru·-</span> 
     </span>
     <span class='ocr_line' id='line_1_23' title="bbox 67 1976 2251 2059; baseline 0 -20"><span class='ocrx_word' id='word_1_194' title='bbox 67 1978 220 2043; x_wconf 84' lang='lat' dir='ltr'>delis</span> <span class='ocrx_word' id='word_1_195' title='bbox 255 1990 399 2041; x_wconf 82' lang='lat' dir='ltr'>erat.</span> <span class='ocrx_word' id='word_1_196' title='bbox 453 1976 795 2041; x_wconf 76' lang='lat' dir='ltr'>His.amieis</span> <span class='ocrx_word' id='word_1_197' title='bbox 831 1979 1125 2059; x_wconf 84' lang='lat' dir='ltr'>sociisque</span> <span class='ocrx_word' id='word_1_198' title='bbox 1161 1980 1423 2039; x_wconf 87' lang='lat' dir='ltr'>confisus</span> <span class='ocrx_word' id='word_1_199' title='bbox 1451 1978 1709 2053; x_wconf 84' lang='lat' dir='ltr'>Catilina,</span> <span class='ocrx_word' id='word_1_200' title='bbox 1749 1978 1924 2041; x_wconf 85' lang='lat' dir='ltr'>simul</span> <span class='ocrx_word' id='word_1_201' title='bbox 1957 1980 2119 2057; x_wconf 87' lang='lat' dir='ltr'>quod</span> <span class='ocrx_word' id='word_1_202' title='bbox 2144 1996 2251 2039; x_wconf 85' lang='lat' dir='ltr'>aes</span> 
     </span>
     <span class='ocr_line' id='line_1_24' title="bbox 67 2061 2247 2145; baseline -0.001 -18"><span class='ocrx_word' id='word_1_203' title='bbox 67 2062 324 2127; x_wconf 82' lang='lat' dir='ltr'>alienum</span> <span class='ocrx_word' id='word_1_204' title='bbox 343 2083 454 2143; x_wconf 85' lang='lat' dir='ltr'>per</span> <span class='ocrx_word' id='word_1_205' title='bbox 489 2065 682 2127; x_wconf 81' lang='lat' dir='ltr'>omnis</span> <span class='ocrx_word' id='word_1_206' title='bbox 711 2073 894 2127; x_wconf 83' lang='lat' dir='ltr'>terras</span> <span class='ocrx_word' id='word_1_207' title='bbox 921 2067 1133 2143; x_wconf 83' lang='lat' dir='ltr'>ingens</span> <span class='ocrx_word' id='word_1_208' title='bbox 1161 2074 1304 2139; x_wconf 84' lang='lat' dir='ltr'>erat,</span> <span class='ocrx_word' id='word_1_209' title='bbox 1334 2072 1394 2125; x_wconf 88' lang='lat' dir='ltr'>et</span> <span class='ocrx_word' id='word_1_210' title='bbox 1416 2066 1572 2145; x_wconf 90' lang='lat' dir='ltr'>quod</span> <span class='ocrx_word' id='word_1_211' title='bbox 1597 2061 1858 2145; x_wconf 73' lang='lat' dir='ltr'>plerique</span> <span class='ocrx_word' id='word_1_212' title='bbox 1888 2066 2113 2127; x_wconf 88' lang='lat' dir='ltr'>Sullani</span> <span class='ocrx_word' id='word_1_213' title='bbox 2135 2066 2247 2125; x_wconf 88' lang='lat' dir='ltr'>mi—</span> 
     </span>
     <span class='ocr_line' id='line_1_25' title="bbox 66 2150 2247 2232; baseline -0.001 -19"><span class='ocrx_word' id='word_1_214' title='bbox 66 2150 204 2213; x_wconf 84' lang='lat' dir='ltr'>lites</span> <span class='ocrx_word' id='word_1_215' title='bbox 229 2150 448 2229; x_wconf 68' lang='lat' dir='ltr'>largius</span> <span class='ocrx_word' id='word_1_216' title='bbox 472 2171 584 2215; x_wconf 81' lang='lat' dir='ltr'>suo</span> <span class='ocrx_word' id='word_1_217' title='bbox 620 2152 714 2213; x_wconf 87' lang='lat' dir='ltr'>usi</span> <span class='ocrx_word' id='word_1_218' title='bbox 737 2152 1162 2232; x_wconf 80' lang='lat' dir='ltr'>rapinarum-et</span> <span class='ocrx_word' id='word_1_219' title='bbox 1181 2151 1462 2213; x_wconf 73' lang='lat' dir='ltr'>victoriae</span> <span class='ocrx_word' id='word_1_220' title='bbox 1496 2152 1715 2214; x_wconf 85' lang='lat' dir='ltr'>veteris</span> <span class='ocrx_word' id='word_1_221' title='bbox 1748 2170 2046 2213; x_wconf 87' lang='lat' dir='ltr'>memores</span> <span class='ocrx_word' id='word_1_222' title='bbox 2082 2152 2247 2213; x_wconf 87' lang='lat' dir='ltr'>civile</span> 
     </span>
     <span class='ocr_line' id='line_1_26' title="bbox 68 2235 2249 2319; baseline -0.003 -17"><span class='ocrx_word' id='word_1_223' title='bbox 68 2235 292 2302; x_wconf 77' lang='lat' dir='ltr'>bellum</span> <span class='ocrx_word' id='word_1_224' title='bbox 327 2239 704 2317; x_wconf 80' lang='lat' dir='ltr'>exoptabant,</span> <span class='ocrx_word' id='word_1_225' title='bbox 746 2239 1172 2319; x_wconf 82' lang='lat' dir='ltr'>opprimundae</span> <span class='ocrx_word' id='word_1_226' title='bbox 1212 2238 1571 2317; x_wconf 80' lang='lat' dir='ltr'>reipublicae</span> <span class='ocrx_word' id='word_1_227' title='bbox 1610 2238 1919 2298; x_wconf 88' lang='lat' dir='ltr'>consilium</span> <span class='ocrx_word' id='word_1_228' title='bbox 1944 2237 2119 2315; x_wconf 86' lang='lat' dir='ltr'>cepit.</span> <span class='ocrx_word' id='word_1_229' title='bbox 2175 2236 2249 2296; x_wconf 90' lang='lat' dir='ltr'>In</span> 
     </span>
     <span class='ocr_line' id='line_1_27' title="bbox 65 2321 2249 2403; baseline -0.002 -15"><span class='ocrx_word' id='word_1_230' title='bbox 65 2321 232 2388; x_wconf 78' lang='lat' dir='ltr'>ltalia</span> <span class='ocrx_word' id='word_1_231' title='bbox 250 2324 452 2387; x_wconf 77' lang='lat' dir='ltr'>nullus</span> <span class='ocrx_word' id='word_1_232' title='bbox 485 2326 796 2398; x_wconf 74' lang='lat' dir='ltr'>exercitae,</span> <span class='ocrx_word' id='word_1_233' title='bbox 838 2326 942 2385; x_wconf 89' lang='lat' dir='ltr'>Cn.</span> <span class='ocrx_word' id='word_1_234' title='bbox 963 2324 1281 2403; x_wconf 88' lang='lat' dir='ltr'>Pompeius</span> <span class='ocrx_word' id='word_1_235' title='bbox 1314 2324 1377 2384; x_wconf 86' lang='lat' dir='ltr'>in</span> <span class='ocrx_word' id='word_1_236' title='bbox 1404 2324 1676 2387; x_wconf 85' lang='lat' dir='ltr'>extremis</span> <span class='ocrx_word' id='word_1_237' title='bbox 1700 2323 1873 2385; x_wconf 86' lang='lat' dir='ltr'>terris</span> <span class='ocrx_word' id='word_1_238' title='bbox 1892 2322 2107 2383; x_wconf 87' lang='lat' dir='ltr'>bellum</span> <span class='ocrx_word' id='word_1_239' title='bbox 2144 2340 2249 2401; x_wconf 86' lang='lat' dir='ltr'>ge-</span> 
     </span>
     <span class='ocr_line' id='line_1_28' title="bbox 65 2408 2247 2488; baseline 0 -19"><span class='ocrx_word' id='word_1_240' title='bbox 65 2409 259 2483; x_wconf 74' lang='lat' dir='ltr'>rebat,</span> <span class='ocrx_word' id='word_1_241' title='bbox 275 2408 392 2487; x_wconf 80' lang='lat' dir='ltr'>ipsi</span> <span class='ocrx_word' id='word_1_242' title='bbox 419 2410 787 2471; x_wconf 78' lang='lat' dir='ltr'>consulatum</span> <span class='ocrx_word' id='word_1_243' title='bbox 813 2411 1055 2487; x_wconf 80' lang='lat' dir='ltr'>petendi</span> <span class='ocrx_word' id='word_1_244' title='bbox 1086 2426 1301 2486; x_wconf 77' lang='lat' dir='ltr'>magna</span> <span class='ocrx_word' id='word_1_245' title='bbox 1330 2428 1491 2488; x_wconf 83' lang='lat' dir='ltr'>spes,</span> <span class='ocrx_word' id='word_1_246' title='bbox 1532 2410 1785 2471; x_wconf 80' lang='lat' dir='ltr'>Senatus</span> <span class='ocrx_word' id='word_1_247' title='bbox 1812 2408 1955 2469; x_wconf 89' lang='lat' dir='ltr'>nihil</span> <span class='ocrx_word' id='word_1_248' title='bbox 1980 2427 2125 2469; x_wconf 89' lang='lat' dir='ltr'>sane</span> <span class='ocrx_word' id='word_1_249' title='bbox 2151 2410 2247 2470; x_wconf 88' lang='lat' dir='ltr'>in-</span> 
     </span>
     <span class='ocr_line' id='line_1_29' title="bbox 63 2495 2247 2578; baseline 0 -21"><span class='ocrx_word' id='word_1_250' title='bbox 63 2503 289 2567; x_wconf 81' lang='lat' dir='ltr'>tentus,</span> <span class='ocrx_word' id='word_1_251' title='bbox 326 2500 488 2558; x_wconf 83' lang='lat' dir='ltr'>tutae</span> <span class='ocrx_word' id='word_1_252' title='bbox 513 2495 976 2575; x_wconf 83' lang='lat' dir='ltr'>tranquillaeque</span> <span class='ocrx_word' id='word_1_253' title='bbox 991 2514 1108 2565; x_wconf 76' lang='lat' dir='ltr'>,res</span> <span class='ocrx_word' id='word_1_254' title='bbox 1135 2513 1373 2571; x_wconf 85' lang='lat' dir='ltr'>omnes;</span> <span class='ocrx_word' id='word_1_255' title='bbox 1410 2496 1517 2555; x_wconf 85' lang='lat' dir='ltr'>sed</span> <span class='ocrx_word' id='word_1_256' title='bbox 1552 2513 1619 2555; x_wconf 89' lang='lat' dir='ltr'>ea</span> <span class='ocrx_word' id='word_1_257' title='bbox 1640 2513 1889 2575; x_wconf 84' lang='lat' dir='ltr'>prorsus</span> <span class='ocrx_word' id='word_1_258' title='bbox 1912 2504 2247 2578; x_wconf 86' lang='lat' dir='ltr'>opportuna</span> 
     </span>
     <span class='ocr_line' id='line_1_30' title="bbox 67 2580 369 2643; baseline 0 0"><span class='ocrx_word' id='word_1_259' title='bbox 67 2580 369 2643; x_wconf 76' lang='lat' dir='ltr'>Catilinae.</span> 
     </span>
    </p>

    <p class='ocr_par' dir='ltr' id='par_1_5' title="bbox 18 2662 2245 3611">
     <span class='ocr_line' id='line_1_31' title="bbox 139 2662 2245 2746; baseline 0 -19"><span class='ocrx_word' id='word_1_260' title='bbox 139 2688 146 2699; x_wconf 66' lang='lat'><strong>⁴</strong></span> <span class='ocrx_word' id='word_1_261' title='bbox 202 2662 568 2746; x_wconf 81' lang='lat' dir='ltr'>Cap.xv11.</span> <span class='ocrx_word' id='word_1_262' title='bbox 633 2662 822 2745; x_wconf 82' lang='lat' dir='ltr'>Igitur</span> <span class='ocrx_word' id='word_1_263' title='bbox 858 2664 1090 2727; x_wconf 86' lang='lat' dir='ltr'>circiter</span> <span class='ocrx_word' id='word_1_264' title='bbox 1128 2664 1418 2727; x_wconf 86' lang='lat' dir='ltr'>Kalendas</span> <span class='ocrx_word' id='word_1_265' title='bbox 1454 2662 1671 2741; x_wconf 88' lang='lat' dir='ltr'>Iunias,</span> <span class='ocrx_word' id='word_1_266' title='bbox 1710 2666 1778 2729; x_wconf 89' lang='lat' dir='ltr'>L.</span> <span class='ocrx_word' id='word_1_267' title='bbox 1794 2666 2053 2729; x_wconf 79' lang='lat' dir='ltr'>Caesare</span> <span class='ocrx_word' id='word_1_268' title='bbox 2092 2675 2151 2727; x_wconf 92' lang='lat' dir='ltr'>et</span> <span class='ocrx_word' id='word_1_269' title='bbox 2181 2668 2245 2728; x_wconf 85' lang='lat' dir='ltr'>C.</span> 
     </span>
     <span class='ocr_line' id='line_1_32' title="bbox 65 2751 2244 2834; baseline -0.001 -19"><span class='ocrx_word' id='word_1_270' title='bbox 65 2752 276 2831; x_wconf 79' lang='lat' dir='ltr'>Figulo</span> <span class='ocrx_word' id='word_1_271' title='bbox 303 2751 675 2826; x_wconf 78' lang='lat' dir='ltr'>Consulibus„</span> <span class='ocrx_word' id='word_1_272' title='bbox 712 2754 904 2832; x_wconf 89' lang='lat' dir='ltr'>primo</span> <span class='ocrx_word' id='word_1_273' title='bbox 954 2752 1219 2831; x_wconf 87' lang='lat' dir='ltr'>singulos</span> <span class='ocrx_word' id='word_1_274' title='bbox 1262 2751 1577 2834; x_wconf 89' lang='lat' dir='ltr'>appellare,</span> <span class='ocrx_word' id='word_1_275' title='bbox 1622 2754 1847 2815; x_wconf 85' lang='lat' dir='ltr'>hortari</span> <span class='ocrx_word' id='word_1_276' title='bbox 1891 2753 2053 2827; x_wconf 88' lang='lat' dir='ltr'>alios,</span> <span class='ocrx_word' id='word_1_277' title='bbox 2100 2752 2244 2813; x_wconf 89' lang='lat' dir='ltr'>alios</span> 
     </span>
     <span class='ocr_line' id='line_1_33' title="bbox 17 2838 2244 2928; baseline -0 -28"><span class='ocrx_word' id='word_1_278' title='bbox 18 2838 21 2843; x_wconf 77' lang='grc'><em>’</em></span> <span class='ocrx_word' id='word_1_279' title='bbox 17 2846 324 2928; x_wconf 80' lang='lat' dir='ltr'>tent-are,</span> <span class='ocrx_word' id='word_1_280' title='bbox 381 2856 524 2917; x_wconf 88' lang='lat' dir='ltr'>opes</span> <span class='ocrx_word' id='word_1_281' title='bbox 573 2854 742 2913; x_wconf 79' lang='lat' dir='ltr'>suaS,</span> <span class='ocrx_word' id='word_1_282' title='bbox 801 2840 1148 2919; x_wconf 84' lang='lat' dir='ltr'>imparatam</span> <span class='ocrx_word' id='word_1_283' title='bbox 1195 2838 1647 2919; x_wconf 87' lang='lat' dir='ltr'>rempublicam,</span> <span class='ocrx_word' id='word_1_284' title='bbox 1713 2854 1926 2917; x_wconf 84' lang='lat' dir='ltr'>magna</span> <span class='ocrx_word' id='word_1_285' title='bbox 1983 2838 2244 2917; x_wconf 87' lang='lat' dir='ltr'>praemia</span> 
     </span>
     <span class='ocr_line' id='line_1_34' title="bbox 17 2910 2244 3007; baseline 0 -21"><span class='ocrx_word' id='word_1_286' title='bbox 17 2910 491 2987; x_wconf 85' lang='lat' dir='ltr'>coniurationis</span> <span class='ocrx_word' id='word_1_287' title='bbox 509 2924 749 2987; x_wconf 88' lang='lat' dir='ltr'>docere.</span> <span class='ocrx_word' id='word_1_288' title='bbox 779 2926 893 2987; x_wconf 85' lang='lat' dir='ltr'>Ubi</span> <span class='ocrx_word' id='word_1_289' title='bbox 917 2924 1058 2985; x_wconf 89' lang='lat' dir='ltr'>satis</span> <span class='ocrx_word' id='word_1_290' title='bbox 1080 2926 1380 3005; x_wconf 83' lang='lat' dir='ltr'>explorata</span> <span class='ocrx_word' id='word_1_291' title='bbox 1406 2932 1546 2987; x_wconf 87' lang='lat' dir='ltr'>sunt</span> <span class='ocrx_word' id='word_1_292' title='bbox 1569 2942 1717 3007; x_wconf 85' lang='lat' dir='ltr'>quae</span> <span class='ocrx_word' id='word_1_293' title='bbox 1746 2924 1941 2999; x_wconf 88' lang='lat' dir='ltr'>voluit,</span> <span class='ocrx_word' id='word_1_294' title='bbox 1967 2924 2030 2985; x_wconf 91' lang='lat' dir='ltr'>in</span> <span class='ocrx_word' id='word_1_295' title='bbox 2056 2944 2244 2986; x_wconf 89' lang='lat' dir='ltr'>unum</span> 
     </span>
     <span class='ocr_line' id='line_1_35' title="bbox 70 3010 2245 3092; baseline -0.001 -19"><span class='ocrx_word' id='word_1_296' title='bbox 70 3010 264 3073; x_wconf 88' lang='lat' dir='ltr'>omnis</span> <span class='ocrx_word' id='word_1_297' title='bbox 306 3018 606 3084; x_wconf 80' lang='lat' dir='ltr'>convocat,</span> <span class='ocrx_word' id='word_1_298' title='bbox 642 3012 855 3091; x_wconf 88' lang='lat' dir='ltr'>quibus</span> <span class='ocrx_word' id='word_1_299' title='bbox 899 3027 1166 3075; x_wconf 85' lang='lat' dir='ltr'>maxuma</span> <span class='ocrx_word' id='word_1_300' title='bbox 1201 3010 1581 3075; x_wconf 87' lang='lat' dir='ltr'>necessitudo</span> <span class='ocrx_word' id='word_1_301' title='bbox 1622 3018 1680 3072; x_wconf 86' lang='lat' dir='ltr'>et</span> <span class='ocrx_word' id='word_1_302' title='bbox 1713 3010 2033 3092; x_wconf 86' lang='lat' dir='ltr'>plurimum</span> <span class='ocrx_word' id='word_1_303' title='bbox 2060 3012 2245 3073; x_wconf 87' lang='lat' dir='ltr'>auda-</span> 
     </span>
     <span class='ocr_line' id='line_1_36' title="bbox 74 3084 2244 3170; baseline 0 -12"><span class='ocrx_word' id='word_1_304' title='bbox 74 3098 198 3159; x_wconf 79' lang='lat' dir='ltr'>ciae</span> <span class='ocrx_word' id='word_1_305' title='bbox 236 3097 442 3159; x_wconf 86' lang='lat' dir='ltr'>inerat.</span> <span class='ocrx_word' id='word_1_306' title='bbox 504 3094 594 3157; x_wconf 84' lang='lat' dir='ltr'>Eo</span> <span class='ocrx_word' id='word_1_307' title='bbox 621 3114 948 3159; x_wconf 88' lang='lat' dir='ltr'>convenere</span> <span class='ocrx_word' id='word_1_308' title='bbox 985 3098 1275 3160; x_wconf 87' lang='lat' dir='ltr'>Senatorii</span> <span class='ocrx_word' id='word_1_309' title='bbox 1307 3084 1528 3160; x_wconf 85' lang='lat' dir='ltr'>ordinis</span> <span class='ocrx_word' id='word_1_310' title='bbox 1564 3098 1630 3160; x_wconf 89' lang='lat' dir='ltr'>P.</span> <span class='ocrx_word' id='word_1_311' title='bbox 1652 3096 1936 3157; x_wconf 87' lang='lat' dir='ltr'>Lentulus</span> <span class='ocrx_word' id='word_1_312' title='bbox 1976 3098 2143 3170; x_wconf 90' lang='lat' dir='ltr'>Sura,</span> <span class='ocrx_word' id='word_1_313' title='bbox 2174 3098 2244 3159; x_wconf 90' lang='lat' dir='ltr'><strong>P.</strong></span> 
     </span>
     <span class='ocr_line' id='line_1_37' title="bbox 74 3181 2242 3265; baseline -0 -20"><span class='ocrx_word' id='word_1_314' title='bbox 74 3185 415 3258; x_wconf 68' lang='lat' dir='ltr'>AutroniuS,</span> <span class='ocrx_word' id='word_1_315' title='bbox 453 3182 518 3243; x_wconf 88' lang='lat' dir='ltr'>L.</span> <span class='ocrx_word' id='word_1_316' title='bbox 541 3182 777 3247; x_wconf 88' lang='lat' dir='ltr'>Cassius</span> <span class='ocrx_word' id='word_1_317' title='bbox 801 3181 1124 3263; x_wconf 84' lang='lat' dir='ltr'>Longinus,</span> <span class='ocrx_word' id='word_1_318' title='bbox 1158 3184 1222 3246; x_wconf 88' lang='lat' dir='ltr'>C.</span> <span class='ocrx_word' id='word_1_319' title='bbox 1253 3184 1565 3265; x_wconf 79' lang='lat' dir='ltr'>CetheguS,</span> <span class='ocrx_word' id='word_1_320' title='bbox 1588 3184 1653 3245; x_wconf 93' lang='lat' dir='ltr'>P.</span> <span class='ocrx_word' id='word_1_321' title='bbox 1682 3190 1739 3243; x_wconf 91' lang='lat' dir='ltr'>et</span> <span class='ocrx_word' id='word_1_322' title='bbox 1762 3181 1999 3246; x_wconf 81' lang='lat' dir='ltr'>Servius</span> <span class='ocrx_word' id='word_1_323' title='bbox 2028 3184 2242 3259; x_wconf 86' lang='lat' dir='ltr'>Sullae,</span> 
     </span>
     <span class='ocr_line' id='line_1_38' title="bbox 78 3268 2241 3348; baseline 0 -18"><span class='ocrx_word' id='word_1_324' title='bbox 78 3270 263 3331; x_wconf 85' lang='lat' dir='ltr'>Servii</span> <span class='ocrx_word' id='word_1_325' title='bbox 287 3268 404 3343; x_wconf 79' lang='lat' dir='ltr'>fflii,</span> <span class='ocrx_word' id='word_1_326' title='bbox 432 3268 497 3331; x_wconf 85' lang='lat' dir='ltr'><strong>L.</strong></span> <span class='ocrx_word' id='word_1_327' title='bbox 526 3268 934 3348; x_wconf 80' lang='lat' dir='ltr'>Vargunteius.</span> <span class='ocrx_word' id='word_1_328' title='bbox 963 3272 1035 3345; x_wconf 89' lang='lat' dir='ltr'>Q.</span> <span class='ocrx_word' id='word_1_329' title='bbox 1064 3271 1311 3347; x_wconf 53' lang='lat' dir='ltr'>Annius</span> <span class='ocrx_word' id='word_1_330' title='bbox 1337 3272 1413 3333; x_wconf 89' lang='grc' dir='ltr'>Μ.</span> <span class='ocrx_word' id='word_1_331' title='bbox 1432 3268 1679 3333; x_wconf 86' lang='lat' dir='ltr'>Porcius</span> <span class='ocrx_word' id='word_1_332' title='bbox 1706 3268 1913 3345; x_wconf 89' lang='lat' dir='ltr'>Laeca,</span> <span class='ocrx_word' id='word_1_333' title='bbox 1937 3270 2005 3332; x_wconf 91' lang='lat' dir='ltr'>L.</span> <span class='ocrx_word' id='word_1_334' title='bbox 2025 3270 2241 3343; x_wconf 82' lang='lat' dir='ltr'>Bestia,</span> 
     </span>
     <span class='ocr_line' id='line_1_39' title="bbox 79 3354 2237 3437; baseline -0.001 -20"><span class='ocrx_word' id='word_1_335' title='bbox 79 3358 149 3429; x_wconf 84' lang='lat' dir='ltr'><strong>Q.</strong></span> <span class='ocrx_word' id='word_1_336' title='bbox 171 3356 416 3429; x_wconf 80' lang='lat' dir='ltr'>Curius3</span> <span class='ocrx_word' id='word_1_337' title='bbox 456 3366 765 3436; x_wconf 65' lang='lat' dir='ltr'>&gt;praeterea</span> <span class='ocrx_word' id='word_1_338' title='bbox 811 3374 879 3417; x_wconf 87' lang='lat' dir='ltr'>ex</span> <span class='ocrx_word' id='word_1_339' title='bbox 915 3358 1173 3437; x_wconf 87' lang='lat' dir='ltr'>equestri</span> <span class='ocrx_word' id='word_1_340' title='bbox 1215 3358 1422 3419; x_wconf 76' lang='lat' dir='ltr'>ordIne</span> <span class='ocrx_word' id='word_1_341' title='bbox 1457 3356 1534 3417; x_wconf 87' lang='grc' dir='ltr'>Μ.</span> <span class='ocrx_word' id='word_1_342' title='bbox 1570 3354 1811 3417; x_wconf 89' lang='lat' dir='ltr'>Fulvius</span> <span class='ocrx_word' id='word_1_343' title='bbox 1852 3356 2136 3429; x_wconf 88' lang='lat' dir='ltr'>Nobilior,</span> <span class='ocrx_word' id='word_1_344' title='bbox 2170 3354 2237 3416; x_wconf 88' lang='lat' dir='ltr'>L.</span> 
     </span>
     <span class='ocr_line' id='line_1_40' title="bbox 18 3440 2240 3523; baseline -0.002 -18"><span class='ocrx_word' id='word_1_345' title='bbox 18 3444 62 3519; x_wconf 68' lang='grc' dir='ltr'>ζ-ε.</span> <span class='ocrx_word' id='word_1_346' title='bbox 79 3444 356 3517; x_wconf 80' lang='lat' dir='ltr'>Statilius,</span> <span class='ocrx_word' id='word_1_347' title='bbox 388 3442 453 3503; x_wconf 91' lang='lat' dir='ltr'><strong>P.</strong></span> <span class='ocrx_word' id='word_1_348' title='bbox 467 3442 750 3507; x_wconf 85' lang='lat' dir='ltr'>Gabinius</span> <span class='ocrx_word' id='word_1_349' title='bbox 771 3443 995 3523; x_wconf 79' lang='lat' dir='ltr'>CapitO,</span> <span class='ocrx_word' id='word_1_350' title='bbox 1023 3444 1434 3519; x_wconf 83' lang='lat' dir='ltr'>C.Cornelius;</span> <span class='ocrx_word' id='word_1_351' title='bbox 1460 3444 1532 3504; x_wconf 89' lang='lat' dir='ltr'>ad</span> <span class='ocrx_word' id='word_1_352' title='bbox 1558 3443 1675 3503; x_wconf 86' lang='lat' dir='ltr'>hoc</span> <span class='ocrx_word' id='word_1_353' title='bbox 1703 3444 1869 3505; x_wconf 87' lang='lat' dir='ltr'>multi</span> <span class='ocrx_word' id='word_1_354' title='bbox 1899 3462 1970 3505; x_wconf 85' lang='lat' dir='ltr'>ex</span> <span class='ocrx_word' id='word_1_355' title='bbox 1997 3440 2240 3505; x_wconf 90' lang='lat' dir='ltr'>coloniis</span> 
     </span>
     <span class='ocr_line' id='line_1_41' title="bbox 81 3527 2241 3611; baseline 0 -22"><span class='ocrx_word' id='word_1_356' title='bbox 81 3536 140 3589; x_wconf 83' lang='lat' dir='ltr'>et</span> <span class='ocrx_word' id='word_1_357' title='bbox 162 3529 496 3611; x_wconf 86' lang='lat' dir='ltr'>municipiis</span> <span class='ocrx_word' id='word_1_358' title='bbox 518 3530 678 3591; x_wconf 89' lang='lat' dir='ltr'>domi</span> <span class='ocrx_word' id='word_1_359' title='bbox 704 3528 953 3592; x_wconf 88' lang='lat' dir='ltr'>nobiles.</span> <span class='ocrx_word' id='word_1_360' title='bbox 1008 3530 1191 3593; x_wconf 83' lang='lat' dir='ltr'>Erant</span> <span class='ocrx_word' id='word_1_361' title='bbox 1226 3538 1531 3611; x_wconf 88' lang='lat' dir='ltr'>praeterea</span> <span class='ocrx_word' id='word_1_362' title='bbox 1566 3530 1897 3609; x_wconf 84' lang='lat' dir='ltr'>complures</span> <span class='ocrx_word' id='word_1_363' title='bbox 1936 3527 2111 3609; x_wconf 84' lang='lat' dir='ltr'>paulo</span> <span class='ocrx_word' id='word_1_364' title='bbox 2140 3546 2241 3590; x_wconf 87' lang='lat' dir='ltr'>oc·-</span> 
     </span>
    </p>
   </div>
  </div>
 </body>
</html>
