2400 3900
153 47 254 118 28⁸
849 57 912 119 C.
959 55 1351 136 SALL'USTll
1396 55 1642 116 CRISPI

155 177 227 237 ad
271 165 894 254 defendendum-opes
931 175 1188 236 minores
1227 182 1385 236 sunt.
1442 175 1637 272 Quare
1670 165 1884 236 vanu‘m
1916 174 2202 272 equidem
2226 173 2347 236 hoc

155 262 468 322 consilium
489 268 594 335 est,
614 261 665 322 si
682 261 1008 340 periculum
1029 280 1098 321 ex
1116 259 1243 322 illis
1246 261 1487 336 metuit;
1510 260 1600 322 sin
1620 258 1681 321 in
1701 267 1861 339 tanto
1882 260 2153 322 omnium
2172 270 2370 323 metu

77 365 80 371 ·
154 347 315 408 solus
333 365 456 408 non
480 346 659 421 timet,
687 365 758 407 eo
781 345 968 426 magis
993 347 1176 407 refert
1192 365 1289 406 me
1312 344 1455 406 mihi
1472 355 1648 425 atque
1672 331 1837 406 vobis
1858 346 2083 409 timere.
2134 345 2370 420 Quare

77 477 80 484 .
153 450 333 512 quum
373 432 446 492 de
480 433 546 493 Ρ
569 433 816 495 Lentulo
857 433 1184 511 ceterisque
1218 431 1501 505 statuetiS,
1552 450 1659 511 pro
1695 441 1855 492 certo
1890 433 2193 506 habetote,
2238 453 2345 494 vos

152 517 330 578 simul
373 519 446 578 de
479 519 738 580 exercitu
775 519 1051 580 Catilinae
1095 528 1152 579 et
1195 518 1271 579 de
1311 517 1585 579 omnibus
1625 517 1941 578 coniuratis
1988 519 2340 579 decernere.

153 605 388 676 Quanto
413 623 519 666 vos
545 605 822 666 attentius
857 619 922 666 ea
947 604 1152 682 agetiS,
1191 614 1351 675 tanto
1388 604 1497 664 illis
1533 600 1761 682 animus
1783 603 2074 665 infirmior
2108 605 2251 678 erit,
2295 607 2339 666 si

149 689 468 788 paullulum
497 693 676 754 modo
703 711 809 752 vos
832 691 1110 787 languere
1139 689 1405 764 viderint,
1432 690 1545 750 iam
1572 707 1778 751 omnes
1807 689 2047 750 seroces
2058 689 2339 751 aderunt.

149 775 341 838 Nolite
377 777 747 850 existumare,
799 777 1052 837 maiores
1097 784 1340 838 nostros
1376 776 1555 838 armis
1578 774 2000 856 rempublicam
2042 795 2112 836 ex
2152 795 2337 854 parva

147 880 416 961 magnam
454 865 694 926 fecisse.
739 861 802 922 Si
824 861 904 922 ita
946 868 1122 934 esset,
1145 861 1329 922 multo
1356 851 1831 942 pulcherrumam
1856 879 1965 922 nos
1994 879 2119 922 eam
2149 862 2336 923 habe-

147 953 370 1025 remus,
409 951 627 1046 quippe
668 947 963 1010 sociorum
1001 957 1172 1027 atque
1212 947 1441 1021 civium,
1476 958 1783 1028 praeterea
1816 965 2116 1008 armorum
2158 958 2335 1028 atque

150 1053 436 1114 equorum
457 1035 646 1096 maior
665 1033 840 1096 nobis
865 1034 1034 1113 copia
1060 1051 1233 1112 quam
1260 1032 1371 1094 illis
1399 1043 1537 1094 est.
1556 1033 1674 1096 Sed
1701 1033 1811 1094 alia
1835 1035 1997 1094 suere
2026 1051 2181 1130 quae
2210 1036 2333 1096 illos

147 1139 397 1218 magnos
421 1123 631 1194 fecere,
661 1138 812 1218 quae
833 1119 1006 1180 nobis
1033 1120 1192 1181 nulla
1216 1128 1384 1194 sunt3
1413 1120 1573 1181 domi
1602 1119 1909 1194 industria,
1946 1119 2087 1180 l'oris'
2114 1119 2332 1182 iustum

146 1206 478 1287 imperium,
507 1205 735 1268 animus
760 1207 820 1268 in
848 1206 1214 1268 consulendo
1238 1206 1389 1267 liber
1410 1225 1603 1284 neque
1630 1203 1841 1284 delicto
1868 1223 2063 1284 neque
2083 1205 2334 1266 lubidini

149 1292 458 1353 obnoxiuS.
503 1292 618 1352 Pro
654 1292 746 1352 his
780 1312 890 1354 nos
923 1291 1210 1354 habemus
1234 1291 1524 1353 luxuriam
1554 1300 1729 1370 atque
1754 1288 2068 1356 avaritiam.
2098 1291 2332 1370 pub-lice

149 1387 482 1456 egestatem,
515 1377 780 1460 privatim
812 1377 1184 1458 opulentiam,
1216 1377 1525 1440 laudamus
1563 1376 1811 1450 divitias,
1844 1377 2145 1455 sequimur
2177 1379 2331 1439 iner-

147 1465 304 1538 tiam,
331 1463 487 1524 inter
517 1463 713 1524 bonos
747 1474 804 1524 et
833 1465 1018 1524 malos
1055 1463 1371 1524 discrimen
1406 1463 1647 1538 nullum,
1685 1462 1879 1523 omnia
1902 1461 2131 1523 virtutis
2160 1483 2332 1544 prae·
2358 1479 2371 2051 1

147 1549 262 1612 mia
281 1549 520 1610 ambitio
537 1549 826 1630 possidet.
873 1551 1078 1628 Neque
1095 1548 1307 1610 mirum
1322 1569 1339 1624 ;
1352 1549 1463 1610 ‘uhi
1489 1567 1595 1610 vos
1616 1547 1928 1633 separatim
1946 1547 2060 1609 sibi
2080 1551 2333 1648 quisque

150 1634 458 1706 consilium
493 1636 718 1716 capitiS,
757 1636 858 1697 ubi
897 1635 1056 1699 domi
1071 1634 1504 1716 voluptatibus,
1540 1634 1639 1696 hic
1674 1635 1961 1716 pecuniae
1986 1642 2087 1696 aut
2112 1637 2331 1714 gratiae

149 1721 395 1797 servitiS,
426 1741 496 1783 eo
520 1723 586 1783 fit
605 1732 666 1784 ut
683 1723 937 1802 impetus
956 1721 1091 1782 fiat
1076 1741 1138 1782 ιιι
1156 1740 1400 1783 vacuam
1417 1719 1861 1804 rempublicam.
1908 1720 2026 1785 Sed
2048 1739 2157 1800 ego
2188 1723 2332 1783 haec

151 1807 376 1870 omitto.
421 1807 808 1870 Coniuravere
826 1808 1198 1870 nobilissumi
1219 1807 1373 1869 cives
1390 1810 1638 1892 patriam
1657 1811 1995 1884 incendere,
2030 1806 2330 1872 Gallorum

150 1901 380 1972 gentem
420 1893 873 1955 infestissumam
905 1912 1130 1955 nomini
1150 1894 1424 1959 Romano
1462 1900 1538 1959 ad
1573 1899 1789 1960 bellum
1831 1891 2167 1972 accersunt,
2220 1898 2331 1959 dux

147 1979 408 2041 hostium
431 2000 561 2043 cum
591 1982 850 2043 exercitu
872 1999 1054 2063 supra
1086 1993 1259 2062 caput
1295 1994 1400 2060 est,
1440 2004 1543 2045 vos
1580 1983 1933 2045 cunctamini
1973 1983 2329 2056 etiamnunc,

149 2066 288 2144 quid
307 2065 458 2128 intra
477 2068 706 2129 moenia
733 2069 1122 2148 deprehensis
1134 2070 1403 2131 hostibus
1418 2066 1691 2131 faciatis?
1712 2068 2065 2131 Miseremini
2094 2088 2331 2135 censeo

147 2152 447 2232 deliquere
465 2154 740 2216 homines
756 2155 1184 2217 adulescentuli
1200 2174 1317 2235 per
1331 2156 1729 2227 ambitionem,
1745 2164 1921 2233 atque
1940 2154 2115 2215 etiam
2136 2174 2331 2216 arma-

145 2246 239 2300 tos
265 2239 587 2304 dimittatis.
632 2240 720 2303 Ne
732 2240 854 2302 ista
871 2240 1040 2317 vobis
1060 2243 1450 2303 mansuetudo
1473 2242 1531 2302 et
1552 2240 1972 2315 misericordia,
1992 2241 2045 2301 si
2068 2240 2149 2301 illi
2169 2260 2331 2302 arma

147 2325 424 2405 ceperint,
443 2328 503 2389 ιιι
522 2328 819 2391 miseriam
839 2334 1046 2389 vox-tet.
1083 2328 1318 2391 Scilicet
1334 2348 1437 2389 res
1450 2328 1577 2408 ipsa
1598 2346 1807 2426 aspera
1828 2334 1935 2399 est,
1956 2327 2061 2387 sed
2084 2346 2189 2387 vos
2210 2346 2331 2389 non

143 2410 359 2471 timetis
407 2432 554 2476 eam.
613 2414 799 2476 Immo
839 2432 978 2476 vero
1025 2433 1325 2513 maxume3
1382 2415 1488 2475 sed
1530 2413 1737 2475 ineitia
1776 2422 1833 2474 et
1870 2412 2109 2473 mollitia
2153 2414 2331 2475 animi

145 2496 291 2557 alius
311 2497 485 2559 alium
507 2507 910 2579 exspectantes
933 2500 1311 2574 cunctamini,
1322 2500 1593 2563 videlicet
1612 2500 1722 2561 diis
1736 2498 2163 2560 immortalibus
2185 2518 2331 2561 con-

142 2581 238 2643 fisi
269 2581 368 2661 qui
402 2583 556 2645 hanc
589 2584 1062 2663 rempublicam
1047 2606 1107 2647 ιιι
1144 2586 1431 2648 maxumis
1468 2604 1645 2664 saepe
1683 2584 1959 2666 periculis
1998 2600 2333 2647 servavere.

89 2711 96 2717 ·
137 2668 280 2731 Non·
319 2669 467 2742 votis
497 2688 691 2750 neque
729 2670 1030 2751 suppliciis
1072 2671 1458 2733 muliebribus
1492 2670 1700 2731 auxilia
1736 2671 1984 2745 deorum
2024 2668 2333 2749 parantur,

139 2754 454 2834 vigilando,
497 2757 748 2835 agendo,
786 2756 944 2817 bene
977 2757 1346 2820 consulendo
1382 2757 1578 2817 omnia
1613 2775 1899 2837 prospere
1934 2757 2183 2831 cedunt3
2234 2758 2333 2819 ubi

139 2842 448 2904 socordiae
484 2851 544 2905 te
590 2849 764 2925 atque
795 2840 1058 2921 ignaviae
1080 2842 1413 2916 tradideriS,
1437 2842 1831 2921 nequicquam
1858 2842 2004 2903 deos
2026 2840 2371 2921 implores

138 2924 271 2987 irati
309 2928 626 3009 infestique
655 2938 811 2991 sunt.
864 2929 1036 3009 Apud
1075 2928 1331 2989 maiores
1353 2937 1593 2989 nostros
1618 2928 1686 2989 T.
1716 2928 1964 2991 Manlius
1991 2929 2334 3006 Torquatus

137 3011 294 3076 bello
309 3013 526 3077 Gallico
545 3016 726 3077 filium
743 3033 938 3089 suum,
959 3014 1157 3093 quod
1138 3034 1191 3075 is
1212 3024 1415 3077 contra
1432 3013 1745 3093 imperium
1762 3015 1822 3076 in
1841 3015 2075 3077 hostem
2096 3033 2335 3108 Ριιςιιει-Ι

137 3104 319 3167 verat,
351 3100 552 3163 necari
573 3101 760 3176 iussit,
788 3107 965 3179 atque
981 3100 1078 3161 ille
1105 3101 1375 3179 egregius
1394 3101 1740 3162 adulescens
1762 3094 2189 3163 immoderatae
2208 3096 2335 3163 sorss
2368 3176 2371 3189 .

137 3183 403 3245 titudinis
432 3196 624 3249 morte
650 3205 872 3267 poenas
902 3186 1092 3262 dedit;
1125 3206 1233 3248 vos
1270 3188 1344 3249 de
1378 3187 1824 3249 crudelissumis
1851 3186 2161 3267 parricidis
2187 3188 2333 3265 quid

139 3270 406 3332 statuatis
423 3270 822 3338 cunctamini?
843 3270 1125 3334 Videlicet
1143 3284 1335 3337 cetera
1352 3274 1469 3335 vita
1490 3292 1694 3335 eorum
1716 3273 1853 3335 huic
1878 3273 2087 3334 sceleri
2108 3272 2330 3336 obstat.

136 3355 358 3419 Verum
390 3358 610 3436 parcite
648 3359 909 3437 dignitati
935 3358 1186 3430 Lentuli,
1242 3360 1293 3419 si
1328 3360 1459 3439 ipse
1497 3359 1826 3439 pudicitiae,
1866 3359 1918 3419 si
1942 3361 2131 3420 famae
2160 3378 2327 3432 suae,

139 3441 190 3503 si
217 3443 330 3503 diis
355 3452 458 3504 aut
479 3443 818 3507 hominibus
841 3462 1104 3524 unquam
1126 3444 1260 3507 ullis
1282 3448 1575 3525 pepercit;
1600 3444 1889 3523 ignoscite
1912 3442 2150 3522 Cethegi
2176 3446 2327 3505 adu·
2362 3478 2371 3517 ι

137 3526 475 3607 lescentiae,
507 3528 626 3591 nisi
655 3529 867 3593 iterum
891 3531 1008 3593 iam
1041 3531 1265 3611 patriae
1296 3532 1515 3595 bellum
1539 3530 1695 3607 fecit.
1734 3529 1895 3593 -Nam
1930 3530 2070 3611 quid
2110 3548 2221 3609 ego
2252 3530 2329 3593 de
2369 3532 2370 3537 ’
